4498 5566
461 693 503 760 52
948 685 1150 741 ALBERJCJ
1179 685 1378 740 GENTJLIS

464 929 756 996 Christianorum1.
811 933 940 995 Natura
957 931 1070 994 hostes
1090 930 1239 994 nationes
1259 939 1415 993 externas
1434 928 1603 1006 RomaniS,
1624 927 1799 993 Sallustius
1816 929 1863 992 ait

462 1043 497 1105 in
520 1043 666 1106 oratione
689 1042 731 1106 ad
756 1042 930 1107 Caesarem
954 1042 996 1105 de
1018 1040 1186 1123 republica
1209 1041 1402 1104 ordinanda.
1452 1038 1520 1103 Sed
1544 1048 1577 1102 et
1599 1038 1680 1103 illud
1703 1040 1864 1116 audimus,
1946 1110 1951 1118 ¹

463 1173 483 1216 a
498 1162 615 1217 natura
629 1153 782 1216 omnibus
798 1173 880 1227 esse,
892 1151 1016 1215 bellum
1032 1172 1163 1233 gerere:
1186 1160 1220 1214 et
1235 1152 1346 1232 itaque
1362 1149 1537 1214 Cretenses
1551 1150 1663 1214 omnia
1677 1152 1721 1214 ad
1737 1149 1862 1214 bellum

463 1263 497 1325 in
513 1263 680 1344 republica
694 1284 753 1325 sua
768 1262 975 1326 constituisse
984 1259 1007 1324 ².
1041 1261 1197 1326 Ceterum
1213 1259 1295 1324 haec
1311 1281 1374 1343 ego
1389 1281 1467 1324 uera
1483 1281 1548 1323 non
1564 1270 1654 1342 puto.
1687 1262 1760 1325 Imo
1776 1262 1864 1324 enim

465 1382 582 1437 natura
604 1392 717 1436 sumus
739 1374 870 1455 cognati
894 1393 1008 1436 omnes
1018 1371 1040 1435 ³.
1086 1371 1137 1436 At
1152 1373 1268 1435 uitium
1287 1370 1350 1436 hoc
1369 1381 1419 1435 est
1441 1373 1569 1453 generis
1587 1371 1731 1449 humani,
1747 1381 1783 1435 ut
1799 1372 1864 1435 dis-

464 1484 633 1547 sensiones
664 1484 738 1548 sint.
768 1483 858 1566 quod
888 1483 1024 1565 inquies,
1054 1491 1088 1546 et
1118 1483 1325 1560 indomitum,
1352 1502 1482 1564 semper
1507 1482 1541 1544 in
1567 1482 1744 1546 certamine
1768 1482 1864 1546 liber·

465 1595 551 1673 tatis,
566 1605 624 1658 aut
643 1594 776 1677 gloriae,
791 1605 850 1659 aut
868 1594 1101 1658 dominationis
1119 1592 1219 1676 agit4.
1243 1613 1330 1676 quae
1346 1592 1517 1657 Salustius.
1559 1593 1605 1657 Et
1623 1614 1731 1675 neque
1749 1615 1865 1658 caussa

465 1715 629 1769 astrorum
652 1700 703 1789 (ut
726 1706 769 1768 de
790 1704 841 1767 his
868 1703 946 1768 alibi
969 1704 1089 1786 legitur
1099 1701 1127 1789 ⁶)
1150 1705 1219 1767 siue
1245 1703 1409 1780 decursus,
1432 1703 1501 1766 siue
1526 1703 1657 1779 rotatio,
1680 1704 1733 1768 uel
1760 1703 1864 1769 satum

466 1817 576 1895 etiam,
585 1815 643 1879 sed
659 1814 823 1898 cupiditas
838 1824 872 1878 et
890 1815 1048 1878 iniustitia
1062 1813 1262 1878 hominumt
1281 1814 1370 1896 quod
1382 1813 1554 1895 Agathias,
1565 1834 1713 1879 summae
1728 1817 1867 1898 scriptor

466 1927 704 1992 auctoritatis⁷.
756 1927 802 1990 Et
826 1927 938 2009 itaque
961 1925 1149 1989 hominibus
1174 1945 1248 1989 cum
1272 1923 1461 1989 hominibus
1485 1945 1551 1988 non
1576 1935 1627 1989 est
1651 1929 1867 2010 repugnantia

469 2059 528 2121 per
553 2045 714 2100 naturam.
760 2036 828 2101 Sed
856 2057 962 2120 neque
988 2035 1170 2119 antipathia
1196 2045 1245 2100 est
1273 2036 1358 2099 inter
1383 2035 1538 2098 animalia
1564 2036 1710 2100 eiusdem
1736 2039 1867 2120 speciei.

468 2149 574 2230 Igitur
589 2168 648 2212 nec
664 2147 707 2211 sit
722 2148 809 2211 inter
822 2147 981 2212 homines.
1023 2147 1142 2212 ‘Canis
1158 2147 1309 2211 caninam
1325 2167 1390 2209 non
1406 2156 1456 2210 est
1466 2145 1496 2211 ⁸.’
1539 2146 1701 2211 Diabolus
1716 2149 1866 2214 diabolos

468 2280 535 2323 non
562 2269 664 2323 uexat
673 2260 695 2321 ⁹.
726 2258 815 2323 solus
842 2258 913 2323 olor
936 2259 1061 2323 olorem
1085 2268 1143 2338 est,
1166 2267 1200 2322 et
1225 2278 1306 2340 apes
1332 2256 1510 2340 aliquando
1536 2258 1743 2340 praeliantur,
1767 2271 1867 2343 atque

467 2369 533 2433 alia
554 2390 660 2452 pauca
681 2369 837 2434 animalia
854 2371 975 2452 speciei
997 2370 1144 2434 eiusdem
1167 2370 1253 2432 inter
1274 2389 1310 2431 se
1330 2368 1498 2432 dissident.
1543 2367 1588 2432 Et
1608 2389 1668 2434 nec
1691 2371 1753 2434 ista
1774 2371 1868 2436 aliter

467 2489 589 2559 tamen,
609 2500 710 2562 quam
732 2482 760 2544 si
783 2481 830 2544 ita
849 2481 960 2545 tulerit
982 2501 1041 2544 res.
1079 2489 1115 2543 ut
1143 2490 1236 2544 notat
1262 2478 1470 2543 Aristoteles.
1530 2479 1596 2562 Qui
1620 2488 1654 2545 et
1676 2481 1739 2546 hoe
1765 2491 1868 2561 notat,

469 2591 569 2654 ritum
593 2590 639 2655 sic
663 2611 735 2654 esse
758 2591 939 2670 hominum,
957 2601 994 2655 ut
1018 2592 1102 2654 inter
1125 2611 1161 2653 se
1183 2592 1248 2654 sint
1271 2589 1388 2668 infesti,
1406 2591 1433 2653 si
1453 2611 1503 2653 res
1523 2590 1640 2657 tulerit.
1686 2591 1782 2674 Quae
1803 2593 1869 2657 alia

470 2720 570 2764 causa
585 2710 643 2774 est,
660 2720 726 2764 non
743 2710 886 2764 naturae.
928 2700 1116 2777 Amicitiae,
1131 2709 1232 2782 atque
1248 2699 1438 2764 inimicitiae
1453 2701 1486 2763 in
1502 2700 1620 2764 belluis
1636 2703 1750 2782 uictus,
1766 2704 1869 2768 uitae·

470 2831 535 2894 que
558 2811 684 2874 ratione
699 2812 856 2874 existunt.
902 2810 958 2875 Sic
973 2821 1007 2874 et
1025 2811 1252 2874 efferatissima
1269 2812 1395 2892 degunt
1413 2810 1566 2894 collegio:
1591 2814 1690 2877 etiam
1710 2815 1869 2879 ferocissi-

472 2940 546 2984 mus
563 2919 617 2984 leo
635 2929 749 3004 pastus
767 2930 801 2984 et
819 2920 907 2984 same
928 2941 1059 2998 uacans,
1077 2920 1180 2984 facilis
1199 2921 1353 3003 mitisque
1376 2941 1450 2984 cum
1468 2923 1535 2984 suis
1556 2933 1614 2988 est.
1653 2925 1766 2988 Etiam
1785 2948 1870 3009 quae

471 3031 622 3096 diuersae
640 3032 760 3112 speciei
778 3041 863 3110 sunt,
879 3032 905 3095 si
924 3032 1057 3095 abunde
1075 3033 1118 3094 sit
1136 3030 1259 3106 cibarii,
1275 3031 1308 3094 in
1327 3050 1408 3113 pace
1426 3043 1538 3113 agunt.
1585 3035 1722 3118 Alioqui
1741 3047 1774 3101 et
1794 3059 1870 3102 suos

472 3141 582 3224 pullos
597 3141 789 3224 expellunt:
812 3151 849 3205 ut
864 3142 995 3224 aquilae
1010 3162 1148 3224 quarum
1163 3142 1254 3224 paria
1269 3141 1397 3224 singula
1412 3150 1525 3206 tenent
1545 3154 1719 3226 propterea
1733 3146 1870 3231 longum

471 3261 634 3318 tractum:
657 3272 765 3336 neque
779 3253 847 3317 ullo
863 3263 962 3335 pacto
978 3254 1148 3336 patiuntur
1161 3252 1296 3316 uicinos.

516 3364 553 3429 Si
577 3364 709 3428 abunde
732 3385 797 3427 non
816 3374 866 3429 est
886 3364 1018 3447 gloriae,
1037 3365 1271 3428 dominationis
1294 3363 1466 3446 cupiditati
1482 3361 1653 3429 hominum
1672 3367 1743 3431 sine
1760 3368 1872 3450 fundo,

472 3476 535 3541 hoc
566 3496 632 3539 non
654 3483 792 3539 naturae
821 3476 880 3554 ius,
902 3476 961 3539 sed
989 3485 1040 3540 est
1062 3476 1190 3539 uitium.
1245 3476 1344 3539 Nunc
1371 3474 1571 3539 Graecorum
1597 3476 1654 3540 illa
1679 3480 1812 3560 partitio
1839 3493 1872 3548 et

472 3589 615 3671 superba
637 3596 715 3665 erat,
737 3596 771 3650 et
795 3585 928 3650 Graecis
954 3587 1034 3671 ipsis
1058 3588 1215 3651 damnata
1225 3585 1258 3665 ¹⁰,
1281 3595 1315 3650 et
1337 3607 1398 3650 nec
1420 3587 1500 3650 satis
1521 3588 1657 3670 antiqua
1667 3587 1701 3652 ¹¹.
1747 3590 1815 3657 Sed
1838 3607 1871 3659 et

475 3699 621 3765 Hebraei
637 3698 786 3762 damnati
801 3709 877 3762 sunt
891 3697 971 3778 aliis,
986 3699 1076 3780 quod
1095 3719 1131 3762 se
1153 3699 1242 3781 ipsos
1264 3707 1394 3781 partem
1416 3698 1587 3763 hominum
1605 3702 1782 3775 duxerunt
1802 3716 1835 3769 et
1853 3727 1873 3770 a

473 3810 605 3893 reliquis
631 3831 667 3873 se
693 3810 907 3874 seiunxerunt
916 3808 950 3876 ¹2.
995 3809 1085 3873 Sane
1113 3809 1177 3874 hae
1203 3819 1338 3875 naturae
1364 3830 1425 3874 nec
1456 3808 1597 3890 Graecis
1623 3832 1682 3878 nec
1711 3813 1873 3880 Hebraeis

474 3944 546 3987 esse
563 3922 750 3987 debuerunt
767 3922 811 3986 ad
826 3920 1043 3987 hostilitatem
1066 3941 1141 3986 curn
1161 3921 1302 4004 reliquis,
1349 3921 1399 3986 Ut
1417 3921 1459 3985 de
1477 3922 1539 3986 hac
1556 3943 1615 3987 nos
1631 3925 1819 4006 quaerimus
1839 3928 1872 3990 in

474 4034 669 4116 praesentia.
716 4033 861 4116 Populus
881 4033 1004 4116 alioqui
1028 4033 1092 4096 Dei
1112 4033 1292 4097 rectissime
1313 4032 1356 4096 ab
1378 4032 1468 4095 omni
1490 4042 1591 4114 gente
1612 4034 1875 4118 distinguebatur

539 4305 622 4357 ¹Alc.
636 4314 658 4370 7.
670 4322 738 4357 cons.
751 4321 773 4370 5.
847 4301 1141 4354 ’Aelia.de1nstr.Ac.
1214 4301 1531 4368 ³1.3.deiust.(D.1.1).
1612 4307 1715 4360 *Prisc
1726 4309 1769 4360 lib.
1782 4325 1806 4374 5.

657 4387 758 4453 ‘Agat
772 4402 794 4436 1.
806 4386 884 4437 Goth.
899 4400 920 4435 r.
1018 4383 1238 4434 ‘Arnob.1.Co.
1250 4383 1296 4434 Ge.
1394 4385 1483 4437 τΒοεὶ.
1494 4388 1540 4437 ult.
1551 4389 1583 4438 de
1594 4389 1657 4454 Rep.
1670 4405 1693 4454 5.

606 4471 616 4500 ⁸
633 4470 710 4520 Arist.
722 4485 746 4534 9.
759 4469 828 4519 Hist.
841 4483 863 4518 r.
878 4483 899 4518 2.
913 4469 951 4516 18.
964 4480 1002 4514 υ.
1016 4480 1054 4531 24·
1066 4479 1106 4530 4ο.
1118 4479 1159 4528 44.
1299 4466 1309 4496 ⁰
1326 4467 1611 4532 Bertach.s.u.1udaei,
1624 4474 1661 4536 (p.
1675 4474 1743 4538 1²9)·

653 4552 671 4583 ¹⁰
687 4552 741 4601 Pla.
753 4551 827 4601 Polit.
839 4553 876 4615 (p.
890 4548 958 4614 262).
1122 4546 1139 4576 ¹²
1156 4546 1235 4597 Thur„
1250 4560 1270 4598 r.
1282 4565 1302 4598 c.
1315 4563 1338 4612 3.
1501 4551 1519 4580 ²¹
1537 4561 1574 4616 37.
1587 4553 1646 4605 Dio.
1657 4565 1695 4619 17.
