4522 5570
710 765 770 818 DE
798 766 903 820 IURE
931 767 1067 837 BELLI,
1097 767 1225 836 LIB.I,
1260 766 1348 822 [ΑΡ.
1371 767 1485 822 XXIV.
1738 773 1798 842 115

394 1011 538 1086 crimine,
569 1015 760 1094 praesertim
792 1033 870 1076 uero
903 1014 930 1075 si
963 1012 1021 1075 filii
1053 1022 1140 1077 recte
1170 1013 1350 1095 puniantur
1379 1024 1515 1096 propter
1543 1015 1646 1098 patris
1676 1016 1800 1079 crimen

395 1122 588 1186 maiestatis.
635 1123 688 1187 De
706 1145 772 1206 qua
791 1125 924 1206 quidem
945 1124 1185 1206 disceptatione
1203 1124 1309 1187 afferri
1333 1124 1397 1188 huc
1420 1127 1453 1188 in
1472 1136 1648 1209 utramque
1669 1136 1801 1210 partem

394 1230 536 1313 plurima
565 1243 714 1316 possunt.
771 1234 927 1299 Ceterum
951 1235 1040 1316 quod
1063 1235 1231 1317 proprium
1255 1245 1305 1298 est
1329 1237 1508 1318 praesentis
1530 1239 1741 1319 quaestionis,
1764 1249 1800 1303 tu

394 1351 497 1420 notes,
521 1343 732 1409 Plutarchum
760 1344 827 1409 late
849 1346 933 1408 tueri
960 1345 1142 1408 uindictam
1168 1344 1258 1408 illam
1281 1345 1469 1410 Alexandri
1497 1348 1530 1410 in
1558 1347 1642 1413 libro
1665 1351 1708 1412 de
1730 1371 1802 1414 sera

394 1455 538 1518 numinis
561 1456 717 1521 uindicta.
765 1457 811 1520 Et
831 1477 909 1520 uero
932 1467 969 1520 ut
992 1458 1200 1521 decessorum
1224 1457 1320 1520 bonis
1343 1478 1547 1522 successores
1567 1459 1639 1537 lrui,
1657 1477 1801 1543 aequum

394 1576 523 1647 putant,
547 1577 580 1631 et
608 1578 659 1633 est
687 1589 839 1651 aequum,
861 1577 964 1650 atque
993 1571 1036 1632 de
1066 1569 1211 1650 indignis
1233 1589 1366 1652 quoque
1390 1573 1631 1637 successoribus
1654 1573 1803 1638 defendit

395 1675 532 1754 Seneca,
551 1679 597 1742 ita
620 1679 733 1743 debita
756 1681 968 1744 incommoda
992 1681 1153 1743 sustinere
1176 1679 1277 1742 iidem
1300 1701 1503 1745 successores
1525 1683 1623 1746 simul
1646 1683 1801 1748 debent¹.

395 1787 489 1853 Haec
505 1800 555 1853 est
572 1791 684 1873 regula
701 1802 836 1855 naturae
846 1789 867 1855 ².
913 1791 958 1854 Et
978 1791 1095 1854 Persae
1114 1790 1169 1868 illi,
1187 1791 1307 1874 quibus
1326 1790 1451 1855 bellum
1469 1793 1580 1857 intulit
1594 1793 1801 1872 Alexander,

394 1919 468 1962 cum
487 1899 647 1966 haberent
664 1903 761 1966 urbes
780 1903 861 1980 illae,
877 1913 910 1967 et
929 1903 1016 1966 bona
1035 1903 1159 1985 reliqua
1177 1924 1197 1966 a
1219 1903 1405 1981 maioribus
1421 1905 1477 1985 qui
1498 1901 1670 1970 Graeciam
1691 1917 1802 1970 uasta-

395 2022 491 2076 runt:
524 2014 604 2077 nihil
626 2025 685 2093 est,
708 2035 765 2078 cur
788 2014 982 2097 reprehendi
1006 2013 1117 2077 ualeat
1139 2014 1345 2077 Alexander.
1404 2015 1562 2098 Quinimo
1585 2038 1660 2082 cum
1685 2019 1803 2083 ciuitas

395 2124 601 2207 populusque
620 2136 770 2208 tempore
788 2146 854 2189 non
873 2133 1029 2202 mutetur,
1048 2126 1107 2188 sed
1131 2125 1337 2189 successione
1356 2126 1445 2190 idem
1469 2128 1521 2203 sit,
1542 2129 1598 2210 qui
1622 2130 1700 2193 olim
1720 2129 1802 2193 suit:

394 2244 430 2298 ut
452 2233 517 2299 hoc
539 2235 612 2301 loco
637 2237 833 2301 Plutarchus
855 2238 992 2318 scripsit,
1010 2247 1042 2301 et
1060 2236 1269 2314 Aristoteles,
1289 2247 1323 2301 et
1342 2237 1444 2301 nostri
1463 2239 1683 2306 iurisconsulti
1701 2262 1801 2325 gene·

395 2347 506 2411 raliter
522 2349 749 2413 tradiderunt:
776 2348 810 2410 hi
834 2349 982 2431 prolecto
1005 2349 1126 2430 posteri
1151 2368 1217 2411 non
1240 2357 1311 2411 tam
1329 2369 1389 2431 pro
1406 2350 1524 2429 alieno,
1542 2371 1643 2432 quarn
1664 2373 1724 2435 pro
1742 2374 1803 2417 suo

394 2459 510 2523 merito
526 2460 761 2543 accipiuntur³.
807 2461 851 2524 Et
870 2462 915 2524 ita
935 2462 1035 2525 etiam
1053 2461 1222 2539 Isocrates,
1238 2462 1328 2544 quod
1346 2461 1449 2525 homo
1468 2463 1646 2527 sceleratus
1662 2463 1802 2530 sortasse

393 2572 511 2636 obierit
529 2584 708 2655 antequam
726 2574 784 2638 det
807 2593 950 2656 poenas:
974 2594 1041 2636 non
1064 2573 1110 2636 ita
1129 2573 1300 2637 ciuitates:
1323 2594 1409 2655 quae
1429 2575 1575 2656 quodam
1600 2576 1703 2639 modo
1724 2586 1801 2642 sunt

394 2682 597 2748 immortales
606 2683 630 2748 ⁴.
685 2685 731 2749 Et
760 2685 849 2749 idem
880 2685 945 2764 alii,
967 2694 1001 2748 et
1031 2684 1120 2748 idem
1152 2683 1287 2748 nostri⁶.
1343 2685 1456 2748 Nostri
1488 2686 1642 2768 excipere
1669 2695 1800 2750 tantum

393 2796 549 2860 uidentur
584 2817 625 2860 ea
656 2817 741 2879 quae
774 2797 920 2861 afficiunt
953 2795 1108 2874 animam,
1138 2805 1174 2858 ut
1207 2815 1273 2859 non
1306 2804 1477 2860 transeant
1510 2798 1552 2860 ad
1586 2817 1800 2862 successores.

393 2907 539 2988 exempli
564 2908 678 2990 gratia,
701 2916 738 2972 ut
764 2907 1054 2972 excommunicato
1080 2906 1204 2989 populo
1231 2926 1297 2970 non
1323 2915 1471 2971 transeat
1498 2909 1802 2974 excommunicatio

392 3018 435 3080 ad
459 3019 657 3101 subrogatos
683 3019 757 3082 loco
784 3027 1009 3082 mortuorum:
1041 3017 1102 3081 etsi
1128 3018 1218 3081 idem
1245 3017 1387 3100 populus
1414 3027 1448 3082 et
1475 3038 1561 3083 nunc
1584 3019 1649 3084 sit:
1679 3019 1740 3083 nisi
1767 3030 1803 3086 et

393 3129 446 3192 isti
469 3128 627 3194 delictum
650 3131 840 3204 admittunt,
865 3140 922 3195 aut
945 3130 1088 3212 culpam.
1127 3131 1194 3194 imo
1217 3130 1354 3208 addunt,
1378 3129 1467 3211 quod
1495 3131 1521 3194 si
1547 3132 1800 3196 conuentionem

393 3240 533 3305 iuratam
557 3241 693 3306 fecerint
715 3263 949 3325 praecessores,
970 3262 1036 3306 non
1055 3252 1169 3306 tamen
1187 3241 1307 3323 periuri
1331 3241 1414 3305 fiunt
1432 3261 1645 3320 successores,
1663 3243 1719 3326 qui
1738 3244 1800 3326 ipsi

393 3354 648 3417 conuentionem
671 3373 737 3417 non
760 3364 892 3418 seruent
901 3354 923 3419 ⁶.
969 3355 1097 3417 Rursus
1119 3355 1199 3417 dum
1226 3353 1259 3416 in
1286 3362 1435 3436 posteros
1461 3353 1511 3416 ius
1537 3354 1583 3418 sic
1611 3356 1803 3419 extenditur

393 3463 536 3542 ultionis,
555 3475 761 3547 posterorum
782 3487 898 3548 sapere
915 3465 1060 3548 periculo
1080 3465 1220 3529 maiores
1238 3472 1410 3546 coguntur.
1462 3463 1563 3546 Quod
1583 3473 1708 3528 etcum
1728 3466 1801 3530 aliis

395 3577 513 3640 nostris
543 3586 638 3640 notat
668 3576 831 3655 Alciatus,
858 3585 891 3641 et
922 3597 981 3640 nos
1008 3578 1045 3640 in
1077 3576 1311 3658 Disputatione
1344 3575 1400 3638 illa
1431 3586 1542 3639 nostra
1573 3577 1800 3659 exposuimus.

395 3685 572 3768 Coguntur
593 3709 681 3752 sane.
713 3708 791 3750 nam
814 3697 865 3751 est
887 3688 983 3751 nobis
1005 3707 1083 3751 cura
1105 3694 1332 3768 posterorum:
1357 3685 1412 3767 qui
1435 3706 1510 3749 caro
1533 3695 1647 3750 nostra
1669 3697 1703 3751 et
1726 3709 1802 3753 ossa

394 3807 492 3862 sunt:
525 3807 558 3862 et
584 3820 643 3881 per
665 3819 749 3880 quos
776 3819 898 3861 nomen
925 3806 1074 3861 nostrum
1098 3805 1317 3868 conseruatur,
1340 3803 1373 3857 et
1398 3795 1523 3858 samal.
1571 3796 1683 3860 Plures
1709 3799 1801 3864 iuuat

393 3910 509 3988 bonoS,
535 3910 563 3972 si
590 3911 698 3992 gratia
723 3910 887 3972 bonorum
914 3928 980 3971 non
1007 3929 1082 3972 cum
1109 3907 1188 3989 ipsis
1215 3907 1325 3969 cadit:
1361 3905 1407 3968 ait
1435 3905 1572 3970 Seneca.
1618 3907 1665 3971 Et
1691 3908 1802 3991 plures

394 4021 530 4086 terrebit
556 4022 661 4084 malos
688 4021 795 4103 igitur,
819 4021 845 4083 si
872 4019 986 4083 odium
1014 4018 1176 4082 malorum
1204 4037 1271 4080 non
1298 4036 1374 4080 cum
1403 4017 1481 4098 ipsis
1508 4017 1616 4081 cadit:
1647 4019 1701 4083 aio
1727 4039 1800 4102 ego.

393 4132 508 4208 Addo,
532 4135 621 4215 quod
649 4142 682 4196 et
708 4132 751 4196 ad
779 4153 838 4196 nos
864 4130 1026 4214 pertinere
1052 4139 1259 4213 posterorum
1286 4129 1445 4204 fortunas,
1468 4129 1556 4193 dixit
1578 4128 1800 4197 Aristoteles:

394 4245 582 4309 ‘Fortunas
607 4254 824 4327 posterorum,
851 4245 967 4320 dicere,
990 4242 1069 4306 nihil
1097 4241 1244 4306 conferre
1271 4241 1457 4318 maioribus,
1483 4239 1584 4323 longe
1610 4242 1801 4321 absurdum,

524 4501 533 4531 ¹
550 4503 625 4552 Rom.
638 4518 707 4552 cons.
721 4515 766 4567 ²9:
785 4499 842 4552 Seu.
854 4518 878 4565 4.
889 4501 921 4551 de
932 4501 993 4550 Beu.
1218 4496 1228 4525 ¹
1244 4498 1261 4548 l.
1277 4511 1314 4546 ιο.
1327 4496 1359 4547 de
1369 4511 1421 4561 reg.
1433 4495 1493 4546 iun‘s
1505 4496 1550 4558 (D.
1564 4511 1603 4562 50.
1618 4498 1669 4561 η).

458 4587 468 4616 ⁸
484 4585 501 4636 l.
515 4585 554 4649 76.
565 4585 597 4635 de
608 4584 668 4635 iudi
681 4584 727 4648 (D.
741 4599 763 4647 5.
781 4585 822 4647 1);
841 4583 899 4634 Alc.
911 4581 935 4634 6.
948 4583 1018 4633 Pare.
1031 4595 1070 4646 17.
1168 4581 1177 4610 ⁸
1194 4581 1271 4630 Isocr.
1283 4579 1315 4630 de
1326 4580 1399 4630 Pace.
1499 4580 1509 4610 ³
1525 4579 1606 4645 Ceph.
1618 4597 1686 4631 cons.
1698 4581 1756 4648 699.

491 4669 502 4697 ⁵
519 4669 599 4720 Casu.
614 4669 630 4718 l.
645 4682 683 4720 aa.
696 4670 725 4719 de
736 4667 785 4732 leg.
801 4681 810 4714 ι
827 4667 873 4731 (D.
885 4668 937 4731 30).
1078 4665 1088 4693 ²
1105 4679 1126 4714 c.
1141 4677 1179 4713 rr.
1192 4677 1231 4728 35.
1243 4679 1267 4728 q.
1281 4677 1311 4726 3:
1328 4662 1346 4712 1.
1361 4677 1414 4713 220.
1426 4663 1458 4713 de
1469 4663 1501 4714 U.
1512 4663 1538 4715 S.
1550 4663 1595 4727 (D.
1608 4679 1647 4727 50.
1661 4663 1711 4726 16).

1068 4884 1127 4947 oa
