4498 5566
476 717 518 764 20
962 708 1163 762 ALBERICI
1191 709 1391 763 GENTILIS

474 954 661 1022 trouertunt
678 944 872 1027 interpretes
883 945 904 1012 ¹.
944 945 1037 1024 Mihi,
1051 947 1263 1028 quaestiones
1279 945 1356 1010 lacti
1371 945 1542 1029 attingere,
1559 965 1624 1008 non
1640 944 1732 1010 libet.
1767 943 1874 1010 Geness

474 1057 587 1120 raliter
610 1076 724 1120 uerum
746 1057 778 1119 id
803 1066 861 1134 est,
880 1066 916 1120 ut
938 1067 1087 1139 potestas
1106 1056 1362 1122 feudatariorum
1387 1058 1429 1120 de
1450 1057 1644 1121 inuestitura
1667 1055 1872 1138 quaeratur².

477 1168 555 1234 Hoc
582 1167 834 1248 circumscripto
863 1169 1021 1251 probatur
1051 1169 1131 1232 mihi
1161 1170 1342 1253 disputatio
1365 1168 1490 1233 Alciati
1516 1168 1691 1232 aduersum
1722 1167 1873 1251 reliquos,

476 1288 514 1342 ut
535 1279 718 1361 superiores
741 1277 801 1340 hos
824 1299 955 1361 quoque
978 1300 1178 1358 censeamus,
1197 1289 1230 1345 et
1253 1301 1349 1364 posse
1370 1301 1485 1362 gerere
1507 1278 1595 1343 bella
1605 1279 1627 1343 ³.
1672 1277 1873 1361 Quanquam

476 1389 564 1454 idern
580 1388 742 1465 Alciatus,
759 1410 803 1452 ex
819 1388 906 1454 lacto
925 1391 1101 1470 consultus,
1117 1392 1297 1456 contrarius
1315 1391 1377 1460 sibi
1397 1391 1605 1473 respondeat,
1622 1389 1724 1454 uideri
1739 1390 1874 1471 quidem

475 1501 674 1568 Germaniae
690 1500 856 1583 Principes
879 1501 911 1568 in
929 1502 1022 1584 quasi
1045 1503 1252 1585 possessione
1275 1523 1345 1566 esse
1363 1501 1460 1565 huius
1480 1501 1557 1564 iuris
1573 1500 1713 1565 faciendi
1728 1499 1870 1564 bellum:

476 1612 535 1675 sed
550 1618 584 1674 et
598 1611 729 1693 probari
745 1611 843 1674 istam
859 1621 1010 1693 oportere
1021 1613 1115 1694 quasi
1131 1612 1391 1695 possessionem:
1414 1621 1447 1675 et
1462 1612 1536 1694 lege
1553 1610 1750 1684 Germaniae
1765 1611 1875 1674 nouis-

475 1722 558 1786 sima
574 1721 758 1786 sublatam:
778 1731 812 1784 et
828 1723 897 1784 iure
913 1741 978 1784 non
995 1722 1093 1786 tribui
1103 1721 1125 1786 ⁴.
1169 1722 1221 1786 At
1233 1743 1326 1804 reges
1341 1723 1450 1800 creati,
1467 1723 1527 1785 etsi
1543 1721 1667 1786 subditi
1682 1722 1757 1798 sint,
1773 1742 1875 1786 reser-

476 1841 553 1896 uata
577 1832 781 1916 Principibus
803 1833 942 1896 summis
965 1834 1077 1896 omnia
1099 1832 1251 1898 obtinent
1277 1835 1409 1897 statim:
1444 1833 1545 1896 etiam
1572 1833 1704 1896 dicente
1729 1831 1874 1898 Alciato.

475 1943 522 2008 -Et
540 1944 642 2008 duces
661 1939 764 2030 (quod
788 1943 843 2006 alii
861 1941 990 2030 dicunt)
1006 1952 1082 2007 sunt
1103 1945 1324 2028 Imperatores
1345 1945 1377 2009 in
1398 1965 1457 2010 suo
1479 1947 1602 2010 ducatu
1612 1944 1634 2012 ¹.
1679 1945 1759 2008 Non
1780 1965 1876 2009 exer-

475 2064 551 2119 cent
578 2053 751 2120 seudatarii
778 2055 847 2118 iura
874 2055 996 2137 regalia
1023 2074 1097 2118 cum
1124 2077 1184 2120 suo
1210 2055 1416 2138 superiore⁶:
1447 2057 1506 2120 sed
1530 2056 1711 2138 foedusque
1736 2065 1876 2140 possunt

475 2186 550 2230 cum
577 2166 649 2230 aliis
676 2167 757 2230 inire
782 2175 895 2230 tamen
904 2166 926 2231 ¹.
982 2167 1036 2231 De
1059 2167 1255 2246 ciuitatibus,
1275 2188 1360 2251 quae
1386 2188 1446 2232 nec
1472 2178 1549 2233 sunt
1572 2168 1715 2246 feudum,
1738 2179 1772 2234 et
1796 2178 1875 2235 sunt

474 2277 610 2342 omnino
628 2275 758 2356 liberae,
774 2287 811 2341 ut
827 2277 999 2352 Uenetiae,
1018 2298 1083 2341 non
1099 2278 1245 2357 dubium,
1261 2279 1341 2361 quin
1360 2278 1448 2342 idem
1465 2280 1600 2362 possint,
1617 2278 1705 2361 quod
1720 2279 1875 2363 Princeps

474 2388 612 2470 quilibet
624 2387 824 2471 supremus⁸.
849 2389 894 2453 Et
908 2398 1039 2472 recepta
1054 2389 1136 2454 haec
1152 2399 1203 2453 est
1215 2396 1400 2452 nostrorum
1416 2389 1542 2472 opinio:
1558 2398 1592 2453 et
1607 2410 1667 2471 pro
1682 2399 1772 2453 certo
1788 2410 1874 2454 uera.

475 2498 641 2582 Quicquid
666 2501 829 2583 ineptiant
851 2499 973 2582 aliqui¹
989 2500 1022 2563 in
1045 2500 1164 2576 Roma,
1182 2520 1248 2564 non
1270 2501 1481 2578 attendend0,
1499 2500 1531 2565 id
1555 2500 1598 2564 de
1620 2500 1774 2564 omnibus
1796 2500 1875 2565 ciui·

474 2609 600 2672 tatibus
622 2630 703 2685 esse,
725 2612 815 2692 quod
841 2611 884 2674 de
908 2610 1017 2675 Roma
1040 2611 1159 2676 dicitur
1181 2612 1214 2676 in
1237 2612 1306 2675 iure
1327 2620 1449 2689 nostr0,
1466 2610 1493 2674 si
1515 2631 1602 2694 quae
1628 2619 1704 2675 sunt
1728 2612 1820 2692 tales,
1838 2622 1875 2678 ut

475 2719 587 2786 Roma
610 2719 680 2784 fuit.
726 2720 794 2803 Qui
818 2722 992 2805 Principes,
1015 2721 1178 2797 dicuntur,
1203 2742 1263 2786 nec
1287 2732 1444 2786 exercent
1465 2721 1498 2785 in
1520 2722 1706 2804 principatu
1730 2723 1876 2788 iurisdic-

475 2832 610 2910 tionem,
621 2832 654 2896 hi
671 2852 779 2914 neque
793 2841 878 2911 sunt,
889 2853 997 2916 neque
1012 2834 1165 2898 dicuntur
1177 2832 1307 2915 proprie
1320 2832 1522 2916 Principes¹⁰.
1547 2834 1602 2898 Sic
1618 2843 1695 2898 sunt
1710 2834 1742 2896 in
1759 2836 1875 2899 eadem

476 2942 662 3022 Germania,
682 2945 738 3026 qui
761 2945 862 3008 duces
884 2946 1037 3008 dicuntur
1057 2945 1134 3008 uiuo
1157 2953 1251 3027 patre
1274 2944 1368 3023 duce,
1382 2944 1446 3008 alio
1468 2944 1554 3024 uiuo,
1568 2946 1626 3027 qui
1650 2955 1774 3027 regnat,
1794 2947 1875 3011 dum

475 3055 555 3139 ipsis
578 3055 667 3129 nihil,
685 3055 746 3118 nisi
765 3056 890 3119 nudum
911 3065 1032 3134 manet,
1051 3065 1084 3120 et
1103 3057 1172 3120 sine
1195 3077 1229 3119 re
1253 3077 1373 3120 nomen
1397 3057 1503 3122 inane.
1549 3055 1668 3120 ‘Filios
1691 3056 1875 3142 principum

475 3165 682 3250 ‘principes3
706 3165 791 3230 filios
813 3188 927 3249 regum
952 3187 1045 3249 reges
1065 3188 1144 3246 esse,
1164 3168 1238 3250 quis
1258 3165 1452 3233 nesciat¹¹?’
1498 3167 1590 3246 Esse,
1609 3186 1680 3250 eg0,
1701 3167 1875 3248 Bernarde,

476 3279 605 3354 nesci03
629 3277 702 3356 dici,
718 3277 794 3356 sci0,
811 3298 915 3352 uacuo
930 3278 1062 3342 nomine
1072 3276 1105 3344 ¹².

1085 3559 1173 3636 Can.
1207 3558 1272 3632 lV.

876 3741 1059 3817 Latrones
1085 3743 1216 3815 bellum
1242 3754 1480 3839 naugerum.

519 3932 607 3998 CUM
626 3929 748 4014 piratis,
764 3938 797 3993 et
812 3927 1004 3993 latrunculis
1018 3927 1144 3996 bellum
1162 3948 1227 3992 non
1243 3938 1302 4008 est,
1318 3939 1355 3996 ut
1374 3931 1420 3993 ita
1435 3930 1646 4014 Pomponius,
1661 3940 1695 3995 et
1712 3930 1876 4014 Ulpianus

475 4044 684 4111 definierunt.
740 4042 876 4106 Etenim
902 4041 955 4110 isti
982 4039 1206 4121 delinquendo
1234 4061 1299 4104 non
1326 4061 1363 4104 se
1387 4042 1624 4106 subtraxerunt
1649 4041 1875 4108 iurisdictioni.

638 4242 754 4306 ¹Bal5.
766 4257 834 4292 cons.
846 4240 943 4303 300;l.
958 4255 978 4289 1.
991 4239 1063 4288 C.de
1075 4239 1107 4288 iu.
1119 4255 1159 4288 au.
1171 4254 1210 4289 an.
1223 4239 1259 4302 (6.
1272 4239 1308 4300 8).
1456 4239 1545 4292 ’Deo
1560 4256 1659 4293 ncons.
1672 4243 1712 4304 58.

573 4325 583 4356 ¹
600 4323 665 4375 Alci.
677 4324 694 4374 l.
707 4338 730 4389 5.
741 4324 773 4374 de
784 4324 840 4374 lust.
852 4329 878 4372 et
889 4321 934 4370 iur.
948 4321 994 4385 (D.
1009 4333 1030 4372 1.
1044 4321 1083 4383 1);
1102 4337 1123 4370 c.
1135 4319 1209 4384 quod.
1221 4320 1252 4371 de
1264 4319 1305 4370 off.
1317 4319 1398 4371 ordin.
1533 4321 1595 4373 ⁴A1.
1608 4337 1631 4386 5.
1643 4337 1778 4386 cons.132.

690 4407 699 4436 ¹
717 4407 796 4470 Ceph.
809 4420 876 4454 cons.
889 4416 946 4467 539.
1117 4401 1127 4429 ¹
1145 4402 1223 4466 Ceph.
1399 4402 1409 4431 ¹
1425 4402 1480 4452 Bal.
1491 4417 1512 4454 1.
1525 4419 1594 4456 cons.
1606 4406 1663 4469 369.

619 4487 629 4518 ¹
647 4488 708 4538 Dec.
721 4502 788 4537 cous.
803 4498 857 4547 1²5·
870 4498 932 4546 534;
949 4482 1006 4534 Alc.
1017 4496 1038 4531 1.
1050 4498 1117 4533 cons.
1130 4483 1173 4538 18;
1191 4481 1270 4548 Ceph.
1283 4484 1313 4547 58
1320 4502 1328 4542 i
1347 4486 1427 4535 Castr.
1439 4485 1455 4535 1.
1467 4501 1488 4537 1.
1499 4487 1531 4536 de
1542 4487 1599 4537 iust.
1613 4488 1657 4551 (D.
1672 4489 1688 4538 i.
1702 4491 1736 4550 1.)

672 4570 682 4600 ¹
699 4566 777 4634 Ceph.
789 4581 857 4618 cons.
869 4565 926 4626 615.
1008 4562 1026 4594 ¹⁰
1038 4564 1095 4616 Alc.
1108 4578 1131 4626 3.
1143 4579 1211 4614 cons.
1224 4579 1263 4628 35.
1345 4563 1362 4593 ¹¹
1378 4566 1433 4618 Ber.
1445 4567 1522 4616 Senn.
1535 4568 1566 4619 de
1577 4569 1644 4619 Adu.
1658 4585 1680 4620 1.

904 4645 1448 4710 ”Seru.rd3Eec1.1.106,⁶nen.1.2u
