4498 5566
731 741 791 794 DE
819 740 922 794 runs
949 740 1084 808 secar,
1114 740 1239 807 mer,
1272 738 1358 793 cre,
1381 739 1465 792 XIV.
1754 740 1796 810 59

398 988 541 1069 primum
570 987 706 1051 serendo
729 986 840 1061 ictum,
862 983 1094 1061 concidamus3
1124 1003 1166 1046 ne
1190 992 1247 1047 aut
1268 982 1425 1065 fugiendo
1448 984 1612 1061 cedamus,
1631 992 1665 1046 et
1687 981 1798 1064 oppn'-

399 1120 528 1163 mamur
542 1101 696 1164 iacentes.
742 1097 809 1162 Sed
830 1117 889 1161 nec
907 1097 1019 1178 lugere
1037 1104 1087 1158 est
1105 1096 1173 1157 uim
1192 1094 1360 1176 repellere.
1405 1094 1524 1178 Itaque
1542 1095 1624 1160 ratio
1642 1114 1663 1157 a
1680 1093 1798 1170 uerbis,

398 1211 510 1293 itaque
525 1220 635 1275 sumta
650 1233 670 1276 a
685 1211 782 1275 rebus
798 1209 876 1291 ipsis
892 1209 938 1273 sic
954 1217 1012 1272 est.
1058 1206 1103 1270 Et
1118 1206 1200 1269 haec
1216 1226 1347 1288 quoque
1366 1205 1411 1268 illi
1431 1207 1543 1270 nostri.
1590 1206 1686 1289 Quae
1701 1204 1796 1282 clara,

399 1331 432 1386 et
447 1323 629 1404 explorata,
645 1331 679 1386 et
693 1320 819 1386 bellicis
835 1319 1084 1384 tractationibus
1103 1317 1207 1381 multo
1225 1318 1406 1399 aptissima.

443 1432 543 1515 Quod
555 1433 721 1515 sequitur:
739 1432 840 1497 habet
851 1431 1103 1496 dubitationem.
1122 1429 1255 1511 quando
1272 1449 1322 1492 res
1338 1449 1377 1492 eo
1389 1429 1518 1492 uenisse
1530 1429 1668 1506 uidetur,
1682 1437 1719 1493 ut
1731 1427 1796 1493 iam

399 1543 494 1609 sitad
504 1544 618 1608 utilem
629 1546 726 1608 istam
738 1542 963 1607 defensionem
974 1541 1239 1624 procurrendum.
1264 1541 1355 1603 Iusta
1365 1560 1481 1604 caussa
1491 1548 1599 1603 metus
1611 1539 1797 1622 requiritur:

399 1656 541 1738 suspicio
552 1676 617 1719 non
633 1663 683 1718 est
695 1653 800 1718 satis¹.
832 1655 942 1717 Iustus
954 1661 1067 1717 autem
1079 1660 1187 1716 metus
1200 1651 1355 1715 definitur
1366 1651 1465 1715 timor
1477 1651 1607 1715 maioris
1622 1651 1797 1729 malitatis;

398 1767 521 1850 quique
537 1767 654 1830 merito
670 1766 704 1828 in
719 1765 855 1829 homine
870 1763 1138 1828 constantissimo
1154 1761 1282 1827 cadat².
1329 1761 1403 1844 Ego
1417 1771 1530 1826 tamen
1549 1762 1582 1824 in
1601 1781 1721 1844 magna
1735 1761 1798 1825 hac

399 1896 499 1942 causa
516 1877 728 1960 imperiorum
745 1897 810 1940 non
829 1875 924 1940 facile
942 1875 1189 1939 definitionibus
1208 1873 1278 1937 istis
1297 1894 1383 1937 nunc
1401 1874 1577 1956 adquiesco
1596 1874 1797 1957 priuatorum

400 1989 616 2070 negotiorum.
661 1990 750 2053 Nam
769 1987 894 2070 siquid
913 1987 1062 2070 priuatus
1080 1987 1114 2049 in
1132 1985 1298 2067 priuatum
1316 1984 1495 2059 admiserit,
1516 1985 1549 2049 id
1568 2006 1648 2048 mox
1672 1985 1798 2050 restitui

400 2120 460 2181 per
477 2101 688 2183 magistratus
704 2099 877 2181 imperium
896 2107 1016 2182 potest.
1046 2108 1082 2162 at
1104 2098 1192 2179 quod
1216 2096 1371 2179 Princeps
1393 2096 1532 2179 patrarit
1554 2096 1587 2159 in
1607 2096 1799 2178 Principem,

400 2230 499 2276 nemo
515 2212 674 2276 restituet.
720 2209 787 2276 Sed
804 2231 911 2294 neque
926 2211 959 2273 in
975 2211 1040 2274 isto
1055 2209 1182 2273 timoris
1197 2215 1393 2290 argumento
1412 2226 1498 2270 nunc
1516 2216 1566 2271 est
1582 2207 1799 2271 differendum

400 2323 442 2384 ab
469 2320 533 2385 illis
558 2330 666 2386 metus
692 2321 957 2385 definitionibus:
989 2340 1075 2402 quae
1100 2339 1166 2382 non
1191 2327 1276 2396 sunt,
1299 2328 1336 2382 ut
1365 2319 1506 2382 doceant
1530 2318 1610 2401 quid
1635 2339 1680 2381 ex
1707 2328 1798 2382 metu

400 2431 528 2496 futurae
555 2431 712 2497 malitatis
738 2431 845 2496 facere
872 2451 931 2494 nos
955 2439 1095 2512 oportet,
1121 2438 1159 2491 ut
1183 2428 1367 2492 malitatem
1393 2424 1496 2515 (quod
1520 2427 1573 2493 hic
1596 2427 1799 2516 quaerimus)

399 2551 606 2608 auertamus:
637 2543 695 2607 sed
717 2542 806 2625 quid,
831 2543 858 2605 si
881 2551 1007 2605 metum
1030 2540 1118 2622 passi
1140 2559 1262 2617 sumus,
1278 2549 1311 2603 et
1328 2537 1453 2621 aliquid
1476 2548 1650 2621 propterea
1673 2540 1800 2622 egimus

401 2655 434 2717 in
453 2664 601 2718 nostrum
625 2655 862 2718 detrimentum
885 2651 1024 2735 supersit
1047 2651 1141 2714 nobis
1164 2651 1241 2713 iuris
1263 2651 1420 2714 aduersus
1442 2649 1566 2714 lactum
1589 2659 1747 2728 nostrum,
1766 2659 1800 2714 et

400 2767 558 2830 aduersus
589 2775 715 2830 metum
746 2766 841 2831 nobis
871 2765 1010 2829 illatum.
1072 2764 1138 2828 Hic
1168 2763 1377 2828 definitiones
1407 2764 1587 2827 sumendae
1617 2763 1728 2846 potius
1758 2766 1801 2829 de

401 2886 542 2942 tractatu
564 2876 650 2941 alio³
674 2877 750 2941 iuris
768 2876 873 2941 ciuilis
893 2885 979 2955 sunt,
1001 2876 1237 2960 prospicientis,
1264 2895 1306 2938 ne
1332 2875 1490 2938 damnum
1517 2876 1622 2952 detur,
1648 2885 1682 2940 et
1710 2877 1800 2959 quod

402 2990 448 3054 ita
463 2990 627 3072 prospicit,
643 2999 680 3054 ut
696 2999 796 3068 curet,
813 2989 918 3053 cauen'
935 2989 1035 3052 etiam
1051 3008 1154 3071 quum
1169 2987 1238 3051 fieri
1253 2994 1364 3069 potest
1382 2997 1419 3052 ut
1438 2987 1517 3052 nihil
1534 2989 1662 3052 accidat
1678 2988 1800 3052 damni.

402 3101 502 3164 etiam
526 3100 588 3165 etsi
613 3113 680 3164 non
708 3119 829 3182 magna
857 3099 1035 3163 euidensue
1062 3118 1160 3162 causa
1186 3098 1324 3162 timendi
1349 3097 1399 3162 sit.
1441 3098 1541 3162 etiam
1565 3099 1592 3162 si
1620 3097 1801 3182 periculum

402 3232 480 3275 uere
502 3232 568 3276 non
591 3211 643 3290 sit,
665 3212 723 3274 sed
747 3231 846 3275 causa
863 3219 995 3274 tantum
1018 3209 1146 3273 timoris
1165 3210 1259 3273 iusta.
1304 3210 1382 3272 Non
1401 3209 1501 3272 etiam
1521 3205 1623 3294 (quod
1642 3219 1693 3273 est
1710 3210 1800 3292 apud

403 3323 595 3406 Euripidem
606 3320 633 3407 ⁴)
649 3343 752 3405 quum
768 3323 841 3405 quis
857 3321 983 3398 metuit,
997 3341 1101 3402 quum
1121 3341 1186 3384 non
1209 3321 1372 3384 conuenit.
1416 3320 1552 3403 Alioqui
1574 3320 1649 3404 quis
1672 3329 1722 3384 est
1744 3319 1801 3403 qui

401 3435 574 3518 prohibere
592 3434 705 3516 possit,
720 3433 897 3516 quominus
912 3432 985 3514 quis
1001 3431 1153 3495 umbram
1168 3431 1301 3496 horreat
1316 3430 1434 3495 suam?
1479 3430 1536 3495 Sic
1555 3432 1654 3496 audio
1671 3431 1802 3496 Cicero-

402 3566 487 3626 nem,
514 3546 611 3609 ‘Non
644 3565 775 3627 quaero,
799 3544 939 3609 fueritne
968 3542 1093 3626 aliquid
1124 3543 1432 3625 pertimescendum.
1463 3554 1557 3626 puto,
1581 3544 1716 3608 arbitrio
1742 3565 1802 3608 suo

402 3661 410 3689 ‘
424 3677 590 3740 quemque
605 3656 721 3721 timere
736 3664 888 3739 oportere
897 3653 929 3720 ὅ]
970 3654 1026 3719 Sic
1042 3653 1098 3718 illa
1114 3654 1211 3717 Marii
1227 3653 1270 3718 ad
1287 3654 1489 3732 Ciceronem,
1505 3653 1568 3719 hoc
1584 3655 1684 3719 etiam
1700 3655 1803 3719 seruis

402 3787 533 3850 semper
555 3766 654 3831 luisse
677 3766 824 3844 liberum,
847 3787 907 3830 suo
934 3766 1045 3848 potius
1071 3784 1171 3846 quam
1199 3764 1307 3827 alieno
1333 3765 1488 3828 timerent
1511 3765 1654 3830 arbitrio.
1688 3765 1801 3828 Etiam

401 3879 491 3960 quod
514 3877 561 3942 ait
584 3877 649 3952 lex,
671 3886 767 3959 aptes
790 3877 852 3941 hic.
898 3878 976 3940 Non
997 3874 1294 3958 praescribendum,
1311 3893 1369 3937 cur
1382 3873 1455 3956 quis
1471 3883 1599 3938 metuat
1608 3875 1631 3938 ⁶.
1678 3874 1740 3937 Illa
1756 3875 1802 3964 sic

401 4005 478 4053 sunt
501 3987 677 4065 Ciceronis,
694 3988 766 4052 ‘De
784 3987 885 4052 tantis
908 3984 1058 4069 periculis
1080 4004 1157 4049 cum
1179 4004 1370 4067 quaererem
1389 3984 1509 4062 omnia,
1525 3984 1630 4049 multa
1645 3986 1802 4063 audirem,

402 4105 492 4164 ‘non
522 4100 689 4165 crederem
719 4099 839 4178 omnia,
862 4118 1012 4164 cauerem
1035 4094 1165 4161 omnia?
1210 4094 1309 4178 Quod
1334 4103 1367 4159 et
1392 4094 1528 4175 Seneca,
1550 4096 1656 4162 ‘Cum
1682 4116 1803 4180 magna

402 4211 566 4290 ‘horreas
586 4232 672 4294 quae
694 4232 792 4294 posse
815 4211 884 4276 fieri
903 4232 969 4275 non
989 4219 1094 4294 putas,
1113 4218 1241 4273 metuas
1264 4207 1417 4273 tamen⁷.'
1463 4208 1598 4274 Scilicet
1621 4210 1654 4274 id
1677 4211 1730 4275 hic
1752 4219 1802 4275 est

401 4323 658 4403 admittendum,
673 4325 763 4406 quod
781 4325 826 4388 de
844 4323 959 4387 maiori
984 4321 1133 4386 malitate
1156 4329 1216 4386 est.
1257 4319 1302 4384 Et
1318 4321 1441 4403 dequo
1457 4331 1534 4403 post
1551 4323 1708 4389 dicemus.
1751 4323 1802 4388 At

403 4512 642 4576 'Dec.cons.6o3.
717 4513 760 4563 ²1.
773 4526 797 4576 5.
808 4513 831 4562 6.
844 4513 911 4577 qnod
921 4520 980 4564 met.
993 4530 1047 4563 cau.
1061 4513 1191 4577 (D.4.2).
1258 4511 1314 4562 ⁸(le
1325 4511 1408 4562 damn.
1421 4511 1465 4560 ins.
1478 4511 1523 4574 (D.
1537 4526 1577 4578 39.
1590 4515 1616 4574 n)
1627 4521 1661 4564 et.
1672 4514 1690 4567 l.
1704 4525 1741 4579 ²7·
1754 4516 1803 4567 loc.

467 4596 641 4649 ‘Eur.Troa.
704 4596 784 4647 ⁵Cic.
796 4611 843 4662 pro
855 4596 905 4646 Do.
917 4612 980 4662 c.4;
997 4612 1043 4662 pro
1055 4595 1105 4659 Syl.
1118 4602 1143 4645 et
1158 4596 1277 4646 11.Fam.
1292 4595 1330 4643 28.
1385 4593 1428 4644 ⁸1.
1440 4611 1465 4658 4.
1476 4594 1509 4644 ad
1519 4595 1577 4646 Tre.
1590 4595 1636 4660 (Ι).
1649 4597 1688 4661 36.
1703 4599 1736 4659 r).

964 4677 1237 4730 'Sen.1.0ed.l.26.

1080 4847 1129 4898 12
