4498 5566
1512 633 1771 644 ——n-——nn

867 733 1270 798 PRAEFATIO.
1578 719 1585 732 ‘
1725 733 1768 796 vn

368 981 472 1067 sima,
513 997 553 1053 et
592 980 666 1053 situ
702 979 797 1053 inter
831 1003 932 1053 mare
968 993 1006 1051 et
1041 977 1231 1076 Apennini
1266 976 1456 1051 cacumina
1491 975 1766 1051 amoenissimo.

371 1115 428 1187 lbi
464 1115 577 1188 etiam
613 1114 724 1188 hodie
761 1114 922 1186 maxima
957 1113 1198 1186 obseruantia
1232 1110 1364 1188 colitur
1399 1111 1579 1188 memoria
1613 1112 1695 1186 eius
1728 1125 1768 1186 et

367 1252 516 1324 aedium
544 1265 812 1324 conseruantur
840 1247 977 1320 ruinae.

421 1387 533 1460 Pater
563 1385 792 1469 Matthaeus,
823 1381 989 1455 medicus
1019 1399 1058 1454 et
1087 1407 1109 1454 e
1136 1381 1250 1456 nobili
1281 1381 1420 1456 familia
1451 1382 1659 1457 Gentilium
1689 1406 1768 1455 rus-

367 1545 505 1606 sorum,
548 1520 613 1616 qui
656 1532 846 1602 uocantur,
880 1515 1070 1604 oriundus,
1109 1532 1229 1589 mater
1274 1517 1446 1591 Lucretia
1494 1513 1642 1589 Petrelli
1685 1515 1764 1588 fuit.

369 1653 541 1728 Tenerae
576 1652 698 1726 adhuc
731 1649 867 1724 aetatis
911 1647 1099 1745 profectus
1139 1666 1198 1723 est
1232 1648 1430 1724 Albericus
1464 1650 1513 1722 ad
1550 1647 1767 1722 Perusinam

274 1795 277 1800 ’
368 1789 623 1875 Academiam,
660 1788 696 1860 in
731 1783 838 1859 ltalia
876 1799 957 1859 tota
998 1782 1289 1874 celeberrimam,
1328 1784 1542 1881 Bartolique
1581 1799 1620 1858 et
1661 1781 1767 1857 Baldi

368 1947 517 2018 semper
543 1921 766 1995 uenerandis
791 1918 1004 1992 nominibus
1031 1918 1252 2015 insignitam.

421 2057 477 2130 lbi
504 2055 630 2154 legum
657 2055 781 2128 studio
808 2052 983 2139 incubuit,
1002 2054 1190 2150 magistris
1220 2052 1381 2128 Rinaldo
1411 2050 1622 2149 Rodolpho,
1642 2029 1766 2137 Oddo,

369 2191 554 2289 Eugenio,
591 2188 748 2286 aliisque
783 2187 945 2286 egregiis
980 2187 1079 2273 uiris,
1115 2201 1155 2260 et
1192 2211 1291 2260 anno
1327 2210 1488 2261 uotxxn
1524 2187 1572 2260 ad
1607 2187 1766 2285 gradum

368 2327 547 2401 Doctoris
566 2328 603 2398 in
625 2326 711 2399 Iure
730 2321 840 2396 Ciuili
859 2337 1053 2418 promotus
1069 2336 1128 2394 est
1142 2323 1163 2393 ¹.
1761 2408 1764 2416 Ι

419 2462 512 2535 Inde
539 2460 576 2533 in
602 2460 759 2557 patriam
785 2482 968 2543 reuersus,
996 2480 1150 2528 munere
1176 2455 1358 2552 praetoris
1386 2456 1423 2528 in
1448 2457 1599 2530 ciuitate
1625 2454 1766 2534 Ascolo

365 2595 513 2669 [unctus
539 2609 606 2682 est,
634 2607 673 2666 et
699 2588 809 2688 paulo
836 2605 970 2688 postea
995 2589 1167 2662 aduocati
1194 2589 1231 2662 in
1259 2588 1579 2678 Sancto-Ginesio,
1604 2590 1668 2664 ubi
1692 2615 1767 2664 una

364 2755 448 2803 cum
479 2745 585 2827 patre
621 2744 659 2802 et
689 2724 828 2799 familia
858 2740 939 2798 tota
974 2749 1111 2821 magno
1141 2722 1285 2798 honore
1315 2723 1517 2814 fruebatur,
1545 2741 1593 2813 et,
1620 2742 1697 2799 tam
1729 2725 1766 2796 in

364 2865 514 2938 statutis
540 2863 642 2938 urbis
668 2859 912 2935 reformandis
939 2883 1052 2955 quam
1081 2858 1117 2930 in
1144 2857 1224 2931 aliis
1250 2860 1412 2958 negotiis
1434 2859 1619 2958 gerendis
1637 2857 1765 2932 utilem

363 3025 405 3074 se
440 2999 612 3097 praebuit
646 2995 881 3093 reipublicae.
953 2991 1041 3086 Qua
1075 3009 1152 3066 tam
1192 3018 1371 3091 prospera
1409 2994 1558 3067 fortuna
1592 3019 1667 3068 non
1701 2993 1764 3066 diu

362 3152 421 3210 est
451 3159 552 3208 usus.
608 3131 718 3204 Pater
750 3129 979 3216 Matthaeus
1006 3154 1121 3224 quum
1153 3154 1276 3203 rerum
1308 3155 1490 3205 nouarum
1521 3130 1559 3203 in
1585 3128 1765 3228 religione

360 3286 507 3344 amator
536 3282 647 3352 esset,
679 3279 718 3338 et
748 3265 799 3338 ob
829 3264 867 3336 id
898 3263 1058 3336 Sanctae
1093 3262 1350 3359 Inquisitionis
1386 3265 1522 3340 Officio
1557 3281 1763 3362 suspectus

360 3377 462 3478 dorni
498 3425 648 3476 manere
679 3399 823 3494 absque
859 3398 959 3471 uitae
989 3397 1153 3495 periculo
1181 3398 1320 3472 diutius
1350 3425 1427 3475 non
1456 3399 1600 3497 potuit:
1636 3397 1764 3473 relicta

361 3539 473 3637 igitur
506 3561 634 3622 uxore,
669 3559 767 3631 quae
808 3535 888 3607 sine
924 3560 1023 3622 aere,
1058 3533 1168 3621 uictu,
1204 3533 1394 3632 religione,
1430 3534 1597 3608 adsuetis
1635 3534 1763 3608 uiuere

359 3697 401 3746 se
428 3697 540 3769 posse
566 3670 738 3768 negabat,
763 3668 830 3742 sed
856 3668 1065 3764 adsumptis
1090 3694 1139 3743 ex
1162 3667 1246 3742 filiis
1273 3666 1450 3744 Alberico
1476 3685 1565 3742 natu
1588 3669 1761 3755 maximo

359 3808 422 3904 qui
449 3822 489 3881 et
514 3807 594 3902 ipse
621 3804 668 3876 de
695 3803 768 3876 fide
795 3804 918 3875 minus
944 3805 1069 3876 stricte
1096 3805 1291 3892 sentiebat,
1316 3820 1356 3879 et
1379 3830 1495 3901 puero
1519 3805 1704 3902 Scipione,
1724 3805 1761 3876 in

360 3938 573 4017 Carniolam
599 3964 640 4011 se
665 3937 814 4035 recepit,
838 3936 901 4010 ubi
927 3935 1122 4008 ‘Ducatus
1147 3936 1339 4009 archiatri’
1358 3938 1467 4013 titulo
1491 3955 1644 4012 omatus
1669 3954 1728 4012 est
1737 3943 1760 4012 ².

361 4074 480 4148 Filios
520 4097 669 4146 secum·
689 4095 763 4144 non
803 4070 867 4142 diu
907 4070 1065 4158 retinuit,
1101 4070 1169 4142 sed
1208 4070 1407 4167 Scipionen
1447 4073 1496 4144 ad
1536 4072 1761 4146 studendum

401 4285 411 4318 ¹
431 4284 478 4343 Ex
500 4281 624 4343 archiuis
644 4278 791 4340 Perusinis
812 4287 927 4338 constat
947 4297 1016 4336 eum
1038 4277 1074 4338 de
1089 4279 1107 4338 1.
1122 4277 1274 4337 rumoribus
1288 4277 1355 4354 Dig.
1370 4279 1401 4336 de
1414 4279 1569 4340 menardus
1582 4279 1624 4360 (4.
1641 4298 1667 4353 4.
1686 4278 1716 4360 6)
1731 4291 1760 4340 et

359 4383 377 4444 l.
392 4403 407 4442 2
420 4382 495 4443 Cod.
507 4383 539 4440 de
551 4382 645 4439 aduoc.
651 4376 771 4458 fiscz'(2.
786 4376 816 4456 9)
827 4377 998 4455 disputasse,
1012 4389 1040 4436 et
1054 4389 1238 4455 promotores
1252 4379 1315 4437 eius
1330 4376 1419 4438 luisse
1433 4378 1568 4438 dominos
1583 4378 1759 4438 Rainaldum

360 4480 591 4566 Rodolphinum,
607 4477 777 4537 Cornelium
791 4475 994 4548 Benincasam,
1010 4485 1039 4535 et
1053 4476 1097 4536 Io.
1113 4475 1196 4553 Bapt.
1211 4475 1349 4556 Fidelem.

399 4581 411 4613 ²
431 4578 488 4637 Die
505 4577 584 4636 xxvii
602 4576 727 4652 Augusti
748 4576 818 4636 anni
835 4593 974 4646 unrxxrx,
989 4585 1021 4634 ut
1039 4575 1129 4653 liquet
1146 4595 1182 4634 ex
1197 4575 1332 4636 Archiuis
1354 4575 1524 4634 Prouinciae
1543 4572 1704 4642 Camiolae‚
1728 4576 1758 4633 in

360 4675 555 4754 Ephemeride
569 4675 617 4733 La
631 4673 751 4732 Rr'uisla
768 4673 942 4746 Christiana,
959 4692 1141 4746 uncccxxvn,
1157 4693 1185 4750 p.
1203 4689 1229 4748 5,
1246 4691 1263 4732 a
1278 4673 1445 4734 Professore
1460 4673 1576 4732 Comba
1590 4673 1690 4732 citatis.

1031 4855 1085 4918 ba
