4522 5570
467 760 528 826 126
951 768 1153 822 ALBERICI
1181 768 1381 822 GENTILIS

464 1014 659 1092 ‘amicitiae
682 1015 799 1092 sinon
822 1015 1009 1078 redduntur.
1056 1013 1101 1076 Et
1124 1013 1240 1076 diebus
1264 1011 1368 1075 tribus
1391 1020 1424 1073 et
1448 1009 1583 1092 triginta
1606 1004 1675 1094 (qui
1698 1003 1864 1091 solennes)

463 1126 635 1206 ‘peractis
657 1126 782 1189 bellum
805 1135 974 1207 postremo
997 1123 1095 1187 indici
1107 1119 1125 1187 :'
1157 1133 1194 1187 ut
1211 1122 1299 1205 apud
1320 1119 1494 1199 Liuium¹;
1523 1129 1557 1183 et
1580 1121 1613 1182 in
1636 1141 1713 1184 casu
1736 1119 1865 1200 Sagun·

463 1237 534 1299 tino
561 1236 775 1301 obseruarunt
800 1237 855 1301 alii
881 1237 1026 1300 historici
1054 1234 1259 1317 specialiterr
1290 1233 1347 1315 qui
1375 1232 1528 1310 scribunt,
1554 1233 1652 1296 ‘Non
1680 1232 1794 1295 statim
1821 1229 1864 1292 ad

462 1351 580 1411 ‘arma
601 1358 801 1431 procurrunt,
822 1351 901 1412 dum
923 1349 1013 1431 prius
1036 1367 1128 1410 more
1150 1346 1298 1427 legitimo
1317 1344 1429 1427 quaeri
1453 1343 1579 1407 malunt
1588 1341 1618 1407 ²!
1664 1343 1711 1406 Et
1733 1343 1760 1404 si
1785 1341 1865 1406 Car·

462 1459 684 1542 thagInienses
700 1472 895 1542 purgassent
913 1461 1057 1537 crimina,
1074 1468 1144 1522 tum
1161 1456 1396 1540 quiescendum
1414 1455 1575 1519 Romanis
1589 1454 1712 1518 suisset.
1751 1452 1865 1516 Etiam

463 1572 506 1634 de
525 1571 629 1634 Gallis
648 1573 762 1636 recitat
783 1572 907 1649 Liuius,
923 1572 1051 1634 ‘Erant
1074 1571 1130 1653 qui
1154 1568 1326 1650 extemplo
1351 1568 1494 1631 Romam
1518 1568 1663 1631 eundum
1686 1573 1864 1630 censerent.

463 1681 555 1746 ‘Sed
578 1683 684 1746 uicere
706 1685 859 1759 seniores,
879 1691 916 1744 ut
939 1681 1039 1763 legati
1065 1682 1154 1763 prius
1181 1682 1390 1745 mitterentur
1411 1689 1564 1763 questum
1588 1678 1728 1756 iniurias
1751 1684 1865 1758 postu·

461 1793 662 1877 ‘latumque,
687 1805 725 1858 ut
754 1815 813 1876 pro
844 1794 912 1856 iure
941 1791 1091 1875 gentium
1115 1790 1240 1854 uiolato
1272 1791 1366 1854 Fabii
1398 1792 1597 1854 dederentur
1606 1787 1638 1852 ³?
1685 1788 1865 1870 Eleganter

463 1905 497 1971 P.
526 1907 638 1989 Syrus,
666 1907 727 1969 ‘In
750 1905 949 1969 uindicando
975 1904 1149 1967 criminosa
1176 1913 1226 1966 est
1252 1901 1420 1966 celeritas!
1478 1901 1664 1965 Belluinum
1691 1909 1750 1979 est,
1772 1919 1864 1963 arma

463 2019 576 2083 statim
593 2038 736 2082 mouere.

626 2203 725 2263 ‘Cum
746 2215 955 2282 prorepserunt
976 2205 1077 2284 primis
1098 2205 1235 2264 animalia
1255 2205 1344 2274 terris,

628 2309 777 2381 ‘Mutum
798 2319 828 2369 et
849 2320 932 2388 turpe
954 2329 1054 2389 pecus,
1076 2310 1214 2387 glandem
1235 2320 1323 2387 atque
1344 2309 1449 2368 cubilia
1469 2318 1587 2386 propter

626 2414 813 2492 ‘Unguibus
835 2426 864 2476 et
885 2418 1000 2494 pugnis,
1024 2418 1092 2476 dein
1112 2417 1245 2490 fustibus,
1267 2427 1353 2493 atque
1375 2418 1415 2474 ita
1436 2434 1524 2492 porro
1588 2479 1590 2484 ,

625 2522 824 2599 ‘Pugnabant
844 2523 941 2595 armis,
964 2542 1038 2600 quae
1061 2533 1128 2600 post
1149 2523 1340 2582 fabricauerat
1360 2540 1449 2581 usus:

626 2627 753 2686 ‘Donec
774 2630 872 2702 uerba,
895 2630 1001 2706 quibus
1022 2648 1120 2702 uoces,
1144 2647 1303 2707 sensusque
1325 2638 1469 2700 notarent,

627 2732 838 2811 ‘Nominaque
861 2735 1018 2808 inuenere;
1042 2735 1147 2794 dehinc
1169 2735 1308 2795 absistere
1330 2734 1443 2806 bello‘,’
1466 2739 1516 2793 tre.

507 2912 590 2975 Dixi
618 2912 765 2976 Senecae
788 2923 1022 2996 argumentum
1049 2924 1147 2979 antea
1173 2917 1253 2979 item
1280 2917 1322 2980 de
1349 2917 1449 2981 mutis
1473 2925 1507 2980 et
1533 2917 1617 2981 seris.
1673 2918 1718 2981 Et
1743 2916 1819 2981 hine
1844 2935 1865 2980 a

464 3023 579 3087 Xerxe
597 3025 773 3107 uituperati
793 3034 869 3089 sunt
889 3024 1015 3102 Graeci,
1032 3027 1086 3109 qui
1105 3028 1216 3090 omnia
1234 3049 1300 3092 non
1318 3037 1484 3093 tentarent
1506 3028 1604 3112 prius,
1622 3038 1658 3092 ut
1676 3030 1746 3094 sine
1766 3029 1865 3093 armis

462 3136 705 3201 controuersiae
731 3136 933 3202 miremort
991 3137 1046 3202 Sic
1072 3139 1277 3220 uituperatus
1303 3140 1424 3204 Ioabus
1450 3162 1471 3204 a
1496 3141 1645 3224 sapiente
1671 3139 1806 3204 muliere
1832 3141 1864 3203 in

462 3247 563 3310 sacris
580 3247 722 3312 Bibliist
761 3248 806 3313 Et
822 3248 877 3312 ille
893 3258 964 3313 tum
980 3269 1046 3312 non
1062 3250 1226 3332 insipiens,
1242 3272 1343 3334 quum
1359 3253 1447 3332 dicit,
1459 3256 1467 3284 ‘
1479 3253 1603 3318 Omnia
1618 3254 1707 3335 prius
1723 3253 1865 3335 experiri

462 3359 595 3423 ‘uerbis
619 3380 719 3441 quam
742 3360 849 3438 armis,
867 3361 1051 3442 sapientem
1075 3363 1178 3426 decet.
1225 3363 1292 3446 Qui
1315 3365 1377 3427 scis
1400 3384 1450 3443 an,
1468 3385 1554 3447 quae
1576 3366 1716 3443 iubeam,
1738 3366 1809 3429 sine
1832 3365 1864 3428 ui

462 3473 470 3502 ‘
485 3469 584 3535 faciat
594 3467 628 3534 ⁷.'
659 3469 714 3534 Sic
728 3469 860 3550 BalduS,
873 3474 1033 3536 tentanda
1045 3474 1134 3555 prius
1149 3474 1257 3538 ciuilia
1269 3476 1412 3540 remedia
1427 3476 1546 3551 omnia,
1559 3496 1659 3558 quam
1671 3476 1865 3558 represaliae

462 3583 704 3659 concedantur3
735 3602 820 3664 quae
847 3583 1031 3664 prohibitae
1058 3605 1116 3666 per
1145 3606 1239 3650 suam
1268 3595 1437 3651 naturam:
1469 3595 1503 3652 et
1530 3585 1654 3651 bellum
1681 3595 1793 3650 tamen
1820 3588 1863 3650 sit

463 3693 571 3756 minus
587 3695 717 3767 iustum,
728 3703 762 3759 et
778 3695 884 3759 minus
899 3695 1035 3774 licitum,
1046 3717 1146 3779 quarn
1163 3698 1382 3780 represaliae⁸.
1417 3699 1463 3763 Et
1478 3697 1595 3763 Tullus
1610 3720 1671 3762 rex
1686 3697 1864 3763 bellicosis-

462 3804 564 3869 simus
587 3807 744 3886 omnium,
767 3807 884 3890 ‘Quae
906 3810 1015 3872 uerbis
1042 3811 1196 3892 componi
1220 3832 1286 3874 non
1309 3820 1455 3893 possunt,
1481 3809 1582 3873 armis
1605 3807 1863 3875 decernantur⁰3

462 3917 508 3981 Et
520 3915 669 3981 Theseus
680 3918 769 4000 apud
786 3919 951 3982 scenicum
966 3915 1208 4003 philosophum,
1221 3921 1276 3986 ‘Si
1291 3923 1440 3986 oratione
1456 3942 1521 3986 non
1537 3923 1728 4004 persuadeo,
1739 3921 1864 3986 bellum

462 4029 593 4094 ‘laudo
641 4029 745 4106 Uade,
770 4031 823 4093 dic
848 4031 1002 4109 Creonti,
1020 4017 1176 4097 Theseus
1199 4042 1349 4097 amanter
1369 4054 1390 4096 a
1412 4043 1446 4097 te
1469 4035 1589 4116 repetit
1612 4035 1780 4098 cadauera.
1810 4033 1863 4097 hic

462 4142 612 4223 ‘primus
635 4161 754 4204 sermo.
801 4141 838 4205 Si
864 4143 943 4205 nihil
967 4144 1088 4208 efficis:
1117 4146 1290 4222 secundus,
1310 4155 1347 4209 ut
1371 4166 1424 4209 me
1446 4155 1612 4211 armatum
1632 4154 1806 4229 exspectet
1818 4143 1862 4207 ¹⁰!

463 4251 520 4316 Sic
535 4253 762 4317 Theodoricus
780 4251 924 4333 Alarico,
948 4254 1063 4318 ‘Tunc
1086 4256 1129 4319 ad
1152 4277 1252 4335 arma,
1268 4277 1371 4337 quum
1394 4257 1504 4321 locum
1526 4258 1614 4340 apud
1637 4259 1861 4322 aduersarium

560 4495 569 4526 ¹
586 4495 641 4546 Liu.
657 4512 676 4546 1.
692 4496 730 4558 36.
743 4498 782 4558 38.
794 4511 834 4560 4²·
916 4498 926 4526 ²
944 4499 999 4548 Flo.
1012 4499 1056 4548 lib.
1071 4513 1092 4547 2.
1105 4516 1125 4548 c.
1138 4497 1168 4555 6;
1186 4499 1246 4548 Zon.
1258 4500 1301 4550 lib.
1314 4501 1337 4551 8.
1350 4518 1369 4550 c.
1380 4517 1418 4552 21.
1501 4503 1510 4532 ³
1528 4503 1582 4553 Liu.
1594 4503 1639 4553 lib.
1653 4520 1675 4568 5.
1688 4520 1709 4554 e.
1724 4502 1763 4566 36.

495 4577 505 4606 ¹
522 4578 586 4629 Hor.
600 4592 622 4628 1.
634 4579 685 4629 Sat.
699 4580 745 4642 3.l.
761 4594 814 4640 ¹04·
940 4582 950 4609 ⁵
969 4581 1091 4630 Herodot.
1103 4581 1146 4632 lib.
1161 4595 1181 4644 7.
1294 4583 1304 4612 ⁸
1322 4599 1342 4633 a.
1356 4584 1421 4635 Sam.
1437 4601 1474 4634 κο.
1590 4584 1600 4614 l
1616 4587 1673 4636 Ter.
1686 4602 1708 4650 4.
1721 4587 1784 4636 Eun.
1798 4597 1818 4649 7.

570 4660 581 4690 ⁸
598 4660 651 4713 Bal.
663 4661 680 4710 l.
693 4675 715 4724 5.
728 4663 758 4711 de
770 4663 818 4711 iust
830 4662 875 4726 (D,
889 4676 910 4711 1.
926 4664 959 4726 1).
1069 4664 1078 4692 ⁹
1095 4663 1187 4727 Diony.
1199 4663 1244 4714 lib.
1258 4679 1279 4728 3.
1291 4681 1312 4716 e.
1327 4680 1364 4714 11.
1469 4667 1487 4696 ¹⁰
1505 4667 1563 4717 Eur.
1576 4669 1662 4734 Suppl.
1674 4668 1691 4718 l.
1704 4671 1759 4731 383.
