4498 5566
950 727 1152 781 ALBERICJ
1180 727 1381 782 GENTILIS

433 963 440 976 ⁸
463 978 577 1035 autem
597 970 640 1034 de
662 969 776 1034 officiis
798 972 841 1035 ad
866 991 934 1034 rem
958 969 1134 1035 militarem
1157 971 1398 1053 pertinentibus
1420 969 1616 1052 disputetur,
1635 969 1668 1033 id
1694 989 1800 1051 neque
1822 969 1865 1033 ad

464 1081 633 1160 iustitiam,
656 1102 763 1164 neque
784 1083 828 1145 ad
846 1102 959 1145 ueram
982 1084 1139 1146 uirtutem
1161 1081 1418 1160 adcommodari,
1442 1081 1499 1145 sed
1523 1081 1691 1144 adultam
1714 1079 1809 1154 hanc,
1834 1089 1868 1144 et

464 1194 508 1256 ad
538 1191 667 1257 ciuilem
698 1212 834 1255 morem.
875 1212 950 1257 cum
980 1193 1014 1256 id
1043 1213 1148 1275 genus
1176 1192 1261 1256 aliis.
1330 1192 1444 1256 Etiam
1475 1191 1587 1273 magni
1618 1190 1730 1254 Basilii
1761 1210 1866 1255 canon

463 1303 662 1387 perhibetur,
677 1324 743 1385 quo
765 1312 917 1368 arcentur
938 1305 1037 1369 sacris
1060 1325 1120 1387 per
1141 1303 1327 1382 triennium,
1344 1303 1399 1384 qui
1422 1303 1554 1366 hostem
1577 1303 1609 1364 in
1628 1302 1717 1366 bello
1735 1302 1867 1366 interfe-

464 1413 584 1478 cissent
594 1412 614 1476 ¹.
660 1413 714 1478 De
737 1412 897 1497 Gregorio
920 1424 954 1478 et
978 1415 1119 1480 relatum
1142 1425 1192 1478 est
1217 1414 1250 1477 in
1275 1414 1463 1487 Decretum,
1486 1413 1577 1476 ‘Nisi
1602 1413 1690 1477 bella
1712 1415 1775 1477 ista
1797 1432 1867 1477 car·

464 1529 472 1560 ‘
487 1523 574 1588 nalia
589 1525 728 1606 figuram
743 1525 905 1589 bellorum
921 1526 1141 1608 spiritualium
1156 1531 1315 1606 gererent,
1328 1544 1505 1605 nunquam,
1520 1523 1645 1606 opinor,
1659 1523 1866 1588 Iudaicarum

464 1634 695 1700 ‘historiarum
725 1635 799 1698 libri
829 1636 997 1719 discipulis
1024 1635 1154 1709 Christi,
1180 1635 1236 1718 qui
1261 1635 1352 1699 uenit
1380 1654 1497 1716 pacem
1524 1636 1650 1712 docere,
1675 1633 1806 1717 legendi
1833 1635 1866 1697 in

464 1745 645 1810 ‘Ecclesiis
675 1746 814 1810 fuissent
841 1747 885 1811 ab
915 1746 1089 1828 Apostolis
1121 1745 1253 1824 traditi,'
1283 1743 1358 1810 etc.²
1417 1745 1533 1827 Atque
1572 1746 1748 1810 Erasmum
1786 1746 1866 1828 quid

463 1855 595 1922 dicam?
629 1857 685 1940 qui
707 1878 767 1941 per
796 1856 1022 1940 longissimam
1049 1858 1288 1940 digressionem
1315 1858 1348 1921 in
1373 1857 1441 1921 suis
1466 1857 1650 1921 Prouerbiis
1672 1857 1866 1921 iniustitiam

462 1967 541 2033 belli
564 1967 715 2051 exagitat
725 1967 747 2032 ³.

507 2078 578 2143 Alii
599 2079 746 2144 fortassis
765 2100 831 2143 non
850 2099 949 2145 omne
969 2078 1094 2143 bellum
1115 2081 1345 2158 condemnent,
1361 2080 1420 2144 sed
1439 2079 1529 2162 quod
1549 2099 1615 2142 non
1634 2098 1693 2161 pro
1716 2077 1790 2156 fide,
1808 2087 1868 2142 aut

464 2209 531 2254 non
555 2211 615 2273 pro
640 2191 748 2256 salute
772 2191 955 2273 suscipitur.
1012 2189 1069 2255 Sic
1099 2191 1187 2254 enim
1222 2190 1346 2266 Cicero,
1370 2191 1526 2255 ‘Nullum
1549 2189 1673 2254 bellum
1699 2189 1820 2271 suscipi
1846 2209 1867 2252 a

464 2301 622 2367 ‘ciuitate
637 2302 773 2385 optima,
789 2302 850 2365 nisi
866 2322 925 2385 pro
941 2301 1015 2380 fide,
1031 2310 1089 2366 aut
1104 2322 1164 2384 pro
1180 2302 1286 2367 salute
1295 2297 1329 2363 ⁴.'
1368 2301 1456 2366 Item
1471 2303 1562 2384 quod
1577 2302 1750 2384 suscipitur
1764 2321 1784 2364 a
1800 2319 1867 2364 non

463 2411 623 2478 lacessito.
670 2413 720 2479 Ut
742 2415 788 2478 sic
810 2413 1008 2478 Ambrosius
1031 2414 1141 2488 tradit,
1158 2414 1249 2497 quod
1270 2413 1382 2478 Dauid
1404 2433 1582 2496 nunquam,
1605 2413 1666 2477 nisi
1689 2412 1867 2490 lacessitus,

463 2523 589 2587 bellum
607 2525 718 2589 intulit
727 2525 750 2589 ⁶.
795 2524 841 2589 Et
864 2525 989 2590 Baldus
1011 2534 1123 2590 noster
1139 2525 1260 2604 scribit,
1276 2534 1391 2590 contra
1413 2526 1464 2588 ius
1487 2534 1623 2588 naturae
1641 2545 1712 2589 esse
1733 2522 1867 2600 bellum,

465 2634 527 2697 nisi
543 2634 720 2699 necessitas
736 2635 935 2699 defensionis
949 2637 1093 2700 incurrat
1102 2635 1124 2699 ⁶.
1169 2635 1341 2699 ‘Militaris
1356 2656 1416 2715 res,
1427 2633 1558 2699 belluae
1574 2644 1632 2710 est,
1645 2656 1748 2717 quum
1769 2634 1867 2698 infers

465 2744 632 2810 ‘bellum:
664 2765 765 2827 quum
788 2745 889 2809 tueris
911 2746 992 2809 fines
1010 2757 1094 2820 tuos,
1110 2745 1285 2810 hominis:’
1316 2746 1493 2828 Scaligerl.
1541 2747 1586 2810 Et
1602 2746 1665 2809 alia
1681 2747 1787 2810 afferri
1802 2745 1867 2810 huc

465 2855 587 2921 ualent.

509 2967 686 3032 Caeterum
708 2967 820 3050 opinio
842 2967 924 3031 haec
950 2967 1091 3032 refutata
1120 2978 1170 3033 est
1201 2978 1277 3051 post
1301 2968 1528 3052 Augustinum
1550 2989 1571 3033 a
1593 2968 1775 3052 Theologis
1796 2990 1868 3032 om·

466 3077 590 3144 nibus⁸.
637 3080 684 3144 Et
700 3089 815 3144 contra
833 3100 907 3144 eam
928 3089 1005 3145 sunt
1028 3080 1253 3145 Iurisconsulti
1274 3081 1377 3145 nostri
1391 3101 1523 3164 lomnes,
1538 3091 1572 3144 et
1588 3101 1703 3144 omnes
1719 3082 1867 3145 omnium

464 3201 654 3275 temporum
671 3190 873 3275 Philosophi.
911 3191 1000 3257 Sane
1016 3192 1104 3256 enim
1120 3191 1146 3256 si
1163 3193 1371 3275 magistratui
1386 3193 1485 3256 datus
1499 3192 1629 3274 gladius
1645 3201 1703 3272 est,
1716 3213 1782 3275 quo
1798 3213 1868 3258 ma-

465 3303 534 3366 lum
550 3324 570 3366 a
584 3304 652 3367 suis
671 3303 855 3386 prohibeat,
870 3323 927 3367 cur
948 3323 1014 3366 non
1037 3304 1212 3385 prohibeat
1235 3305 1439 3368 extrinsecus
1456 3303 1646 3379 adueniens,
1663 3312 1763 3386 atque
1777 3305 1866 3387 quod

466 3425 517 3479 est
538 3412 753 3479 intrinsecus?
805 3414 919 3478 Etiam
942 3413 1066 3479 bellum
1088 3415 1287 3480 defensionis
1309 3415 1468 3494 illicitum,
1492 3415 1582 3498 quod
1605 3426 1656 3480 est
1681 3437 1701 3478 a
1729 3413 1867 3479 natura?

466 3524 535 3590 Sed
558 3525 721 3591 rationum
744 3525 876 3590 abunde
897 3545 957 3606 pro
979 3523 1042 3588 hac
1064 3535 1158 3607 parte
1173 3527 1262 3608 apud
1279 3547 1344 3605 eos,
1358 3526 1415 3609 qui
1431 3524 1650 3609 patrocinium
1666 3524 1735 3588 eius
1758 3545 1866 3588 susce-

464 3647 604 3720 perunt:
625 3640 725 3703 etiam
741 3647 774 3701 et
789 3638 822 3701 in
838 3635 1051 3719 sequentibus
1066 3636 1185 3699 nostris
1200 3637 1485 3719 disputationibus.
1530 3635 1740 3700 Aduersariis
1755 3644 1867 3699 autem

465 3750 714 3832 respondemus.
771 3749 817 3812 Et
844 3748 988 3832 primum
1012 3746 1167 3823 Senecae,
1191 3748 1293 3813 Festo
1320 3748 1424 3824 Pauli,
1446 3768 1507 3812 nec
1530 3766 1604 3811 eam
1628 3746 1866 3828 etymologiam

463 3860 543 3925 belli
567 3882 680 3926 ueram
706 3882 798 3940 esse;
837 3870 874 3924 ut
900 3880 960 3925 nec
990 3859 1091 3924 aliam
1116 3859 1415 3925 Grammaticorum
1445 3879 1504 3943 per
1534 3857 1742 3936 contrarium,
1766 3859 1866 3922 ueluti

466 3973 625 4039 ‘minime
639 3971 737 4038 belli’
782 3973 828 4038 Et
844 3993 884 4037 ea
898 3971 975 4038 licet
989 3991 1065 4036 uera
1081 3982 1175 4050 esset,
1193 3992 1258 4038 non
1273 3981 1386 4038 tamen
1400 3970 1555 4053 probaret
1573 3971 1616 4034 de
1638 3969 1797 4034 iniustitia
1813 3969 1882 4047 rei,

466 4083 527 4148 nisi
555 4085 691 4150 Latinis.
738 4105 815 4150 nam
846 4083 981 4149 Graecis
1010 4082 1136 4147 bellum
1165 4105 1186 4148 a
1212 4080 1460 4160 ‘multitudine,'
1487 4082 1560 4146 aliis
1586 4081 1704 4162 linguis
1730 4082 1774 4145 ab
1796 4079 1867 4144 aliis

466 4195 646 4260 rationibus
672 4205 722 4260 est
748 4197 884 4261 dictum.
916 4215 955 4259 ac
983 4194 1142 4271 Ciceroni,
1164 4193 1288 4257 bellum
1320 4195 1455 4277 quidem
1485 4212 1557 4257 esse
1583 4200 1698 4256 contra
1719 4192 1865 4272 aliquam

577 4468 709 4520 ¹Cedren.
721 4467 775 4517 Par.
790 4482 812 4518 a.
826 4482 882 4530 3²3·
980 4465 1081 4516 'Decn
1096 4480 1118 4514 a.
1130 4481 1205 4515 causa
1218 4479 1256 4528 ³3.
1268 4481 1293 4530 q.
1308 4481 1329 4514 1.
1428 4464 1762 4532 ³Eras.Chil.4.oe.1pr.

500 4551 735 4618 ‘Aug.deCiu.c.
750 4564 788 4600 21.
865 4549 964 4598 “Amb
979 4547 1104 4598 1.deOff.
1118 4563 1140 4596 c.
1154 4561 1192 4610 35.
1271 4547 1537 4610 ‘Bal.1.cons.483.
1603 4547 1695 4600 ⁷Scal,
1709 4549 1803 4612 3.Poe.
1818 4563 1839 4598 1.

555 4635 566 4665 ⁸
582 4635 656 4685 Decr.
670 4647 770 4683 accusa
784 4646 827 4694 a3;
844 4635 910 4697 Aqu.
924 4646 945 4680 2.
960 4645 982 4678 a.
993 4647 1017 4696 q.
1028 4644 1075 4694 4o;
1087 4629 1198 4682 Castald.
1211 4629 1243 4680 de
1255 4631 1319 4695 Imp.
1330 4646 1353 4695 q.
1368 4631 1431 4688 108;
1450 4631 1505 4679 Ber.
1517 4630 1549 4679 ad
1562 4629 1618 4682 Mil.
1631 4633 1701 4681 Tem.
1715 4648 1736 4681 c.
1750 4646 1772 4694 3.
