4522 5570
480 783 540 833 122
687 773 891 828 ALBERICI
918 774 1124 844 GENTILIS,
1154 773 1214 827 DE
1242 771 1346 826 IURE
1374 771 1511 839 BELLI,
1541 771 1621 824 LIB.
1645 770 1671 822 Ι.

479 1017 570 1081 mani
590 1017 739 1080 abnuunt
763 1017 914 1080 militiam
936 1017 1094 1080 aduersus
1118 1016 1294 1082 Caesarem
1322 1027 1356 1081 et
1382 1016 1642 1098 consanguineos
1664 1035 1762 1078 suos:
1793 1022 1879 1077 cete-

479 1145 563 1203 rum,
589 1149 675 1210 quae
704 1129 769 1191 iam
800 1136 898 1210 capta
929 1137 1046 1206 essent,
1072 1151 1111 1192 ea
1139 1151 1175 1193 se
1207 1138 1371 1194 tutaturos
1405 1128 1510 1192 Gallis
1544 1136 1658 1191 contra
1692 1144 1816 1203 omnes,
1846 1133 1879 1187 et

479 1238 665 1320 'repulsurus
687 1239 838 1304 iniuriam
864 1239 1060 1321 pollicentur
1069 1239 1088 1303 ¹.
1147 1241 1311 1305 Henricus
1334 1240 1494 1322 septimus
1518 1237 1670 1321 Angliae‚
1693 1257 1728 1300 se
1754 1235 1879 1299 auxilio

478 1349 626 1414 futurum
647 1352 812 1429 Britann0,
832 1351 977 1416 amicitia
996 1352 1151 1416 incolumi
1170 1374 1244 1416 cum
1265 1353 1371 1431 Gallo,
1390 1352 1465 1416 huic
1484 1351 1647 1434 significat
1666 1370 1724 1432 per
1742 1349 1879 1430 legatos.

480 1481 559 1526 narn
582 1462 615 1524 in
638 1463 709 1544 ipsa
728 1461 897 1527 Britannia
916 1472 1046 1527 tantum
1066 1462 1257 1528 defensurus
1280 1464 1475 1528 Britannum
1495 1461 1612 1526 esset2.
1657 1459 1880 1523 Athenienses

479 1571 596 1637 foedus
622 1592 697 1637 curn
725 1575 983 1656 Corcyrensibus
1009 1575 1122 1638 ineunt
1148 1575 1255 1638 solum
1282 1576 1325 1639 ad
1352 1575 1606 1639 defendendum.
1642 1582 1743 1654 atque
1765 1570 1881 1634 foedus

480 1705 522 1747 ne
538 1683 725 1766 frangerent
745 1684 933 1762 Corinthiis,
949 1685 1071 1761 iubent,
1088 1706 1165 1748 suos
1183 1695 1297 1749 contra
1316 1687 1397 1750 istos
1416 1706 1480 1748 non
1500 1704 1646 1767 pugnare
1662 1683 1764 1760 aliter,
1779 1701 1879 1764 quam

480 1795 510 1856 si
531 1804 645 1858 contra
668 1795 891 1878 Corcyrenses
918 1796 1200 1878 proficiscerentur
1210 1795 1231 1860 ³.

526 1906 573 1970 Et
603 1905 684 1970 haec
717 1917 803 1985 sunt,
837 1928 923 1989 quae
955 1908 1056 1972 iustas
1088 1908 1250 1972 bellorum
1283 1929 1415 1972 caussas
1446 1907 1603 1989 praebere
1637 1913 1786 1988 possunt.
1836 1904 1881 1966 Et

479 2017 640 2084 iustorum
667 2018 812 2082 uirorum
836 2028 886 2083 est
909 2029 1030 2097 tamen,
1053 2019 1195 2084 incidere
1218 2040 1350 2084 caussas
1376 2019 1537 2083 bellorum
1564 2015 1849 2100 pullulascentium
1858 2012 1882 2078 ⁴.

482 2137 520 2197 ut
543 2128 744 2193 Iustinianus
767 2139 878 2196 noster
901 2130 1042 2196 dicebat.
1087 2130 1139 2194 Tu
1163 2141 1257 2213 pater
1280 2130 1430 2204 iustitiae,
1460 2131 1562 2204 Deus,
1589 2128 1689 2192 etiam
1712 2126 1772 2190 has
1801 2125 1882 2190 tolie

483 2260 614 2304 caussas
635 2242 739 2308 nobis.
766 2241 847 2306 tolle
871 2243 994 2306 bellum
1019 2264 1126 2306 omne.
1157 2245 1208 2320 da,
1234 2245 1386 2322 Domine,
1409 2263 1525 2326 pacem
1552 2242 1585 2304 in
1611 2241 1729 2305 diebus
1755 2238 1882 2316 nostris,

485 2351 528 2418 da
551 2371 677 2434 pacem.
723 2352 794 2418 ‘At
817 2354 911 2418 nobis
934 2374 1003 2436 pax
1025 2354 1114 2417 alma
1136 2354 1252 2417 ueni⁶.’

582 2609 590 2638 ¹
607 2611 661 2659 Iou.
673 2610 717 2660 lib.
731 2609 769 2660 16.
929 2611 939 2639 ²
956 2612 1009 2662 Pol.
1022 2613 1097 2677 Verg.
1110 2613 1153 2663 lib.
1165 2613 1209 2662 ult.
1224 2615 1259 2677 (p.
1271 2613 1339 2676 578).
1502 2613 1511 2642 ³
1528 2611 1607 2676 Thuc.
1619 2611 1662 2660 lib.
1677 2625 1698 2659 1.
1710 2627 1732 2660 c.
1745 2625 1785 2674 44.

747 2692 756 2722 ⁴
772 2693 877 2756 Procop.
892 2708 914 2740 2.
926 2694 993 2742 Pers.
1005 2709 1026 2743 c.
1039 2711 1062 2758 4.
1270 2695 1280 2724 ⁵
1297 2695 1371 2744 Tibu.
1386 2709 1406 2743 1.
1420 2693 1490 2758 Eleg.
1504 2707 1541 2744 11.
1554 2693 1571 2742 1.
1583 2691 1622 2755 67.
