4522 5570
716 751 775 803 DE
805 753 908 804 IURE
936 754 1069 820 BELLI,
1100 753 1227 818 LIB.I,
1260 753 1348 805 CAP.
1371 752 1453 806 XVI.
1742 755 1782 826 73

383 1011 446 1070 ego
470 1013 547 1054 uero
571 994 669 1056 redeo
692 995 734 1056 ad
758 995 996 1076 quaestionem.
1042 994 1189 1057 Tuemur
1208 1003 1240 1056 et
1259 995 1396 1056 iniustos
1416 993 1500 1056 filios
1523 993 1607 1056 iuste
1625 993 1783 1056 aduersus

383 1103 555 1166 saeuitiam
589 1106 699 1188 patriS,
732 1114 766 1167 et
799 1126 910 1168 seruos
948 1107 1105 1169 aduersus
1138 1107 1310 1168 saeuitiam
1348 1097 1565 1183 dominorum,
1599 1107 1782 1186 damusque

383 1211 591 1280 laudabiliter
614 1237 759 1298 operam,
785 1238 826 1280 ne
850 1237 909 1298 per
933 1216 1073 1279 furorem
1101 1213 1167 1300 (hic
1194 1216 1318 1279 bellum
1346 1212 1410 1301 est)
1437 1216 1649 1296 quantumuis
1679 1215 1780 1296 iniqui

383 1329 592 1410 castigentur,
612 1337 645 1392 et
664 1329 841 1411 puniantur
851 1327 871 1406 ¹,
890 1350 967 1391 nam
986 1329 1082 1406 furor,
1102 1328 1235 1405 bellum,
1255 1347 1321 1390 non
1344 1326 1445 1389 habet
1469 1325 1615 1389 modum.
1661 1326 1706 1388 Et
1726 1327 1781 1408 qui

381 1439 595 1516 humanitate,
620 1438 672 1501 uel
698 1440 919 1503 misericordia
945 1441 1072 1517 ductus,
1097 1438 1148 1501 uel
1175 1438 1239 1501 alia
1265 1437 1449 1519 adprobata
1475 1457 1515 1499 ac
1542 1437 1627 1498 iusta
1654 1437 1782 1499 ratione

381 1571 511 1613 seruum
538 1550 682 1612 alienum
707 1551 839 1632 recepit,
864 1551 892 1612 is
918 1551 1027 1614 edicto
1052 1551 1093 1613 de
1116 1570 1211 1613 seruo
1238 1557 1392 1629 corrupto
1419 1566 1486 1609 non
1511 1555 1649 1608 tenetur.
1679 1555 1781 1628 atque

382 1664 453 1744 ipsa
480 1663 659 1744 receptatio
687 1661 730 1725 de
757 1672 873 1725 natura
899 1664 976 1725 boni
1004 1671 1163 1739 censetur,
1191 1670 1242 1724 etc
1252 1659 1274 1723 2.
1321 1660 1433 1721 Etiam
1458 1657 1513 1720 ille
1540 1658 1699 1734 laudatur,
1725 1657 1781 1739 qui

381 1775 482 1836 iratus
506 1774 616 1849 seruis,
644 1771 704 1836 hos
729 1772 825 1836 alteri
851 1773 1040 1836 multandos
1062 1773 1224 1849 tradebat,
1246 1771 1308 1834 hoc
1331 1770 1447 1832 addito
1471 1769 1589 1850 elogio,
1611 1769 1688 1850 quia
1711 1769 1782 1849 ipse

382 1885 482 1948 iratus
501 1895 587 1948 esset
598 1885 620 1947 ³.
666 1883 781 1966 Atque
804 1886 888 1948 adeo
910 1885 1016 1948 bonus
1039 1883 1129 1946 uolet
1153 1884 1311 1964 princeps,
1331 1883 1415 1943 irato
1434 1879 1495 1942 sibi
1515 1879 1595 1960 eripi
1613 1880 1781 1942 saeuiendi

381 1997 414 2059 in
441 2017 517 2059 suos
542 1996 717 2074 licentiam,
742 1997 835 2078 quasi
862 2005 957 2078 pater
982 1996 1096 2072 bonus,
1123 1995 1215 2076 quasi
1241 1993 1395 2056 dominus
1422 1991 1537 2054 bonus.
1570 1990 1781 2072 censebitque

382 2127 519 2188 semper,
537 2128 602 2169 non
626 2127 725 2187 regna
749 2127 822 2170 esse
844 2093 980 2187 propter
998 2126 1098 2186 reges
1117 2105 1174 2168 sed
1195 2125 1287 2186 reges
1306 2113 1441 2186 propter
1459 2123 1560 2183 regna
1578 2101 1683 2165 factos
1702 2121 1781 2180 esse,

381 2218 471 2299 quod
496 2238 609 2280 uerum
636 2227 694 2281 est.
741 2218 853 2280 Etiam
878 2217 1082 2280 Platonicum
1106 2215 1158 2278 hic
1182 2216 1279 2293 ualet,
1303 2216 1425 2278 debcre
1448 2234 1507 2276 nos
1531 2212 1711 2276 Rhetorica
1734 2211 1780 2274 uti

382 2328 529 2391 maxime
553 2329 596 2391 ad
623 2329 825 2392 accusandos
851 2328 994 2404 amicos;
1025 2326 1143 2408 quibus
1166 2327 1328 2408 optimum
1354 2326 1399 2387 sic
1424 2321 1542 2387 retrahi
1568 2323 1664 2386 uela
1687 2322 1781 2386 malis

381 2439 505 2502 suturis
550 2439 667 2520 Atque
685 2439 731 2501 ita
750 2436 830 2500 mihi
849 2439 987 2516 uidetur,
1005 2435 1166 2500 auxilium
1185 2435 1291 2498 afferri
1310 2455 1407 2516 posse
1426 2435 1554 2497 iniustis
1573 2435 1687 2497 alienis
1706 2434 1781 2498 sub-

381 2549 468 2626 ditis,
483 2547 559 2612 huic
578 2558 689 2612 tamen
708 2549 765 2612 fini
784 2558 923 2626 tantum,
941 2548 1097 2612 saeuitiae
1115 2547 1390 2610 immoderatioris
1406 2554 1440 2608 et
1459 2565 1586 2627 poenae
1605 2544 1781 2608 inclemen-

380 2659 471 2723 tioris
494 2658 720 2741 depellendae.
751 2668 927 2741 postquam
951 2679 1010 2722 nec
1033 2658 1248 2721 inhumanum
1268 2667 1327 2734 est,
1348 2655 1401 2718 uel
1420 2656 1471 2719 his
1494 2655 1600 2720 facere
1620 2655 1706 2718 bene
1724 2657 1780 2738 qui

381 2770 589 2852 deliquerunt
599 2768 621 2834 ⁴.
667 2769 735 2834 Sed
754 2771 860 2833 ausim
879 2780 990 2833 tamen
1009 2769 1191 2842 adfirmare,
1207 2769 1381 2832 honestam
1397 2767 1483 2830 hanc
1500 2787 1649 2829 caussam
1666 2768 1781 2830 auxilii

380 2880 505 2945 serendi
530 2882 588 2944 uix
614 2902 771 2963 umquam
797 2890 893 2959 stare,
917 2881 995 2962 quin
1023 2888 1056 2944 et
1083 2879 1288 2943 necessitatis
1318 2887 1352 2941 et
1379 2879 1530 2942 utilitatis
1554 2878 1618 2941 alia
1644 2879 1781 2941 obtendi
1820 2878 1824 2884 ’

381 3003 531 3075 nequeat,
555 3002 588 3056 et
609 3014 686 3056 uero
709 2994 848 3069 ostendi,
869 3001 905 3054 ut
928 3002 1025 3055 antea
1048 3013 1179 3074 quoque
1202 2992 1327 3054 dictum
1353 2998 1412 3053 est.
1458 2989 1554 3066 Ecce,
1571 3011 1656 3072 quae
1680 2991 1781 3053 modo

381 3105 528 3167 maxima
551 3115 601 3168 est
624 3107 782 3187 quaestio,
798 3105 824 3167 si
843 3103 946 3185 Angli
964 3104 1088 3166 auxilia
1107 3101 1217 3184 Belgis
1240 3110 1355 3164 contra
1375 3101 1565 3181 Hispanum
1584 3103 1668 3165 iuste
1691 3110 1780 3164 attu-

380 3217 497 3282 lerint:
521 3219 621 3282 etiam
640 3217 667 3280 si
686 3217 806 3280 iniusta
826 3214 1001 3299 Belgarum
1022 3224 1108 3278 esset
1126 3235 1258 3278 caussa:
1283 3224 1317 3277 et
1333 3213 1457 3295 Belgae
1473 3222 1582 3277 essent
1598 3214 1780 3276 etiamnum

382 3327 532 3410 Hispano
562 3329 695 3392 subditi.
740 3329 831 3410 quod
861 3337 1037 3409 utrumque
1070 3325 1189 3390 falsum
1223 3333 1375 3389 censetur
1404 3333 1526 3388 tamen.
1590 3325 1779 3402 Dicebatur,

381 3440 625 3521 suscipiendum
643 3439 767 3503 bellurn
791 3459 850 3521 per
872 3439 969 3527 istam
993 3438 1207 3512 occasionem,
1232 3447 1272 3526 ut
1291 3437 1338 3499 ita
1361 3434 1538 3499 haberetur
1560 3436 1602 3499 ab
1627 3437 1779 3518 Hispano

379 3550 468 3614 bona
498 3572 586 3632 pax:
618 3572 704 3633 quae
733 3551 828 3615 aliter
856 3549 968 3613 haberi
999 3569 1065 3612 non
1096 3549 1243 3631 potuisse
1270 3548 1455 3611 uidebatur.
1502 3547 1547 3610 Et
1574 3547 1707 3629 quidem
1734 3549 1780 3612 sic

380 3663 554 3743 suscipitur
585 3662 709 3726 bellum
743 3663 835 3725 iuste.
873 3662 962 3743 quod
991 3661 1095 3728 nostri
1126 3663 1261 3723 tradunt
1274 3659 1295 3720 ⁵.
1350 3657 1396 3721 Et
1430 3658 1672 3739 sapientissima
1702 3660 1780 3724 lacit

380 3772 463 3835 ratio
479 3773 681 3836 medicorum
696 3797 703 3850 ;
728 3781 764 3834 ut
783 3773 809 3834 si
829 3771 927 3835 febris
944 3771 1055 3852 aliqua
1072 3769 1163 3833 lenta
1181 3771 1232 3845 sit,
1247 3789 1331 3849 quae
1355 3788 1473 3849 corpus
1491 3778 1612 3846 teneat,
1628 3790 1780 3851 quaeque

380 3881 461 3946 nulli
484 3884 580 3946 cedat
603 3883 757 3960 remedi0,
773 3892 845 3946 tum
868 3884 1046 3944 mutandus
1064 3881 1106 3943 sit
1125 3881 1273 3970 morbus,
1287 3879 1386 3941 etiam
1410 3879 1581 3960 augendus
1605 3881 1779 3958 interdum,

380 4001 414 4056 et
443 3993 691 4056 accendendus:
727 3993 804 4075 quia
834 3993 1044 4067 curationem,
1071 3990 1125 4051 ubi
1156 3990 1189 4052 id
1221 3989 1311 4070 quod
1346 3997 1396 4050 est
1423 4008 1488 4051 non
1516 3991 1638 4072 recipit,
1667 3997 1778 4071 potest

379 4103 522 4186 recipere
552 4104 584 4166 id
611 4104 700 4185 quod
730 4104 875 4166 futurum
903 4101 984 4165 eset
1031 4099 1098 4165 Sed
1125 4108 1158 4163 et
1188 4099 1313 4180 absque
1340 4097 1428 4162 malo
1458 4097 1515 4162 illo
1542 4099 1662 4164 infidae
1688 4101 1778 4183 pacis

379 4214 500 4296 suscipi
515 4205 639 4278 bellum
655 4215 772 4296 potuit.
819 4214 867 4279 Ut
885 4213 1061 4277 multarum
1078 4211 1354 4275 necessitudinum
1371 4209 1503 4273 uincula
1517 4211 1603 4274 inter
1618 4210 1777 4293 Angliam
1883 4271 1886 4278 .

378 4333 454 4389 sunt
481 4334 514 4389 et
543 4324 714 4408 Belgium:
749 4334 845 4389 uetus
870 4325 1015 4388 amicitia
1039 4344 1114 4387 cum
1142 4323 1279 4387 ducibus
1306 4321 1540 4404 Burgundiae:
1574 4321 1778 4388 familiaritas

378 4515 386 4544 ¹
397 4515 457 4566 Leo.
470 4515 537 4565 Nou.
553 4527 607 4577 105.
643 4511 680 4562 ²1.
693 4525 716 4575 5,
728 4513 782 4564 Bal.
794 4514 812 4563 l.
824 4529 849 4577 4,
861 4515 889 4564 C.
901 4513 933 4562 de
945 4529 991 4563 ser.
1005 4529 1056 4564 cor.
1069 4514 1153 4584 (622).
1186 4512 1272 4561 ⁸Plut.
1285 4512 1316 4562 de
1328 4513 1383 4562 Lib.
1396 4512 1474 4562 Educ.
1488 4529 1510 4563 c.
1523 4527 1552 4576 14
1559 4529 1566 4573 ;
1585 4512 1689 4562 Hieron.
1701 4529 1741 4580 ep.
1755 4531 1779 4581 9.

524 4597 533 4626 ¹
550 4596 622 4647 Alex.
633 4597 649 4646 l.
665 4610 703 4645 20.
716 4595 762 4646 sol.
773 4610 822 4646 ma.
837 4597 882 4660 (D.
897 4611 935 4660 24.
948 4598 981 4659 3).
1213 4594 1223 4624 ⁶
1239 4595 1319 4647 Castr.
1332 4596 1349 4645 l.
1362 4609 1384 4660 5.
1396 4596 1427 4644 de
1440 4597 1497 4646 iust.
1510 4596 1555 4660 (D.
1570 4609 1591 4648 r.
1606 4599 1639 4660 1).

794 4678 805 4708 ⁰
821 4679 887 4730 Cels.
900 4693 922 4742 3.
935 4695 955 4728 e.
970 4695 998 4744 9;
1019 4681 1098 4746 Hipp.
1110 4680 1141 4729 de
1153 4681 1213 4730 Loc.
1227 4678 1251 4728 in
1265 4674 1344 4730 Hom.

1088 4863 1109 4908 L
