4498 5566
478 730 516 784 12
963 714 1164 772 ALBERICI
1191 717 1391 770 GENTILIS

474 955 588 1022 hostes
604 951 894 1018 nominabanturl:
934 951 979 1016 Et
996 953 1029 1016 in
1045 951 1343 1017 concertationibus
1358 951 1418 1016 lori
1435 952 1585 1016 ciuilibus
1604 951 1651 1016 sic
1674 951 1876 1032 induxerunt

472 1068 556 1132 mite
570 1067 706 1130 verbum
731 1065 917 1130 conditores
939 1066 1114 1129 duodecim
1135 1064 1359 1129 Tabularum:
1392 1078 1457 1129 SEI.
1480 1077 1644 1130 UECINEI.
1668 1077 1802 1130 ENTER.
1825 1079 1876 1130 SE.

475 1192 687 1256 IORGASINT,
700 1188 760 1243 etc.
797 1179 886 1262 quod
911 1178 1058 1242 laudauit
1074 1177 1189 1242 Cicero
1205 1179 1238 1241 in
1254 1178 1345 1241 libris
1360 1176 1402 1241 de
1420 1177 1613 1260 Republica,
1627 1185 1661 1240 et
1677 1178 1720 1240 de
1743 1177 1877 1242 Officiis.

474 1285 669 1368 ‘Admiror,'
692 1291 806 1372 inquit,
829 1294 907 1354 ‘nec
931 1309 1037 1352 rerum
1060 1289 1176 1368 solum,
1200 1291 1257 1352 sed
1284 1289 1460 1352 uerborum
1485 1290 1585 1353 etiam
1610 1288 1819 1370 elegantiam,
1844 1303 1876 1352 St

475 1400 666 1481 IURGANT,’
689 1402 804 1485 inquit,
828 1402 1084 1466 ‘beneuolorum
1108 1401 1318 1479 concertati0,
1338 1422 1403 1465 non
1426 1401 1475 1479 lis,
1491 1402 1550 1465 sed
1574 1400 1715 1483 iurgium
1739 1398 1878 1466 dicitur.'

472 1526 508 1582 et
524 1518 669 1599 ‘iurgare
684 1516 741 1580 lex
757 1525 853 1599 putat
869 1516 954 1578 inter
971 1535 1008 1577 se
1022 1515 1156 1592 uicinos,
1173 1534 1239 1576 non
1256 1513 1384 1595 litigare
1392 1511 1423 1578 ²!
1470 1513 1524 1576 De
1538 1513 1659 1596 quibus
1675 1522 1829 1577 notamus
1844 1522 1878 1578 et

474 1649 534 1693 nos
549 1628 670 1692 iudicia
685 1646 888 1690 summorum
906 1626 1049 1689 uirorum
1065 1647 1071 1688 :
1095 1645 1137 1688 ne
1152 1625 1241 1688 saeui
1259 1625 1364 1704 nimis,
1380 1625 1554 1709 asperique
1572 1626 1674 1688 simus
1689 1625 1723 1688 in
1738 1625 1881 1703 hostem,

474 1740 619 1804 uicinum
644 1739 847 1821 praesertim.
889 1756 976 1814 nam,
1000 1747 1038 1800 ut
1060 1737 1220 1814 audimus,
1245 1735 1348 1800 hostis
1378 1736 1558 1821 appellatio
1582 1736 1719 1802 refertur
1740 1757 1800 1819 per
1821 1758 1878 1804 eos

473 1852 517 1916 ad
548 1849 810 1914 humanitatem:
841 1858 875 1912 et
905 1849 1043 1913 lenitate
1072 1848 1163 1911 uerbi
1190 1848 1322 1914 tristitia
1348 1849 1393 1912 rei
1424 1847 1602 1930 mitigatur.
1647 1849 1694 1912 Et
1716 1869 1767 1913 res
1790 1850 1877 1914 enim

475 1961 664 2027 nominibus
702 1979 774 2024 esse
804 1967 1025 2024 consonantes
1050 1959 1172 2024 decet³.
1228 1958 1284 2024 Sic
1311 1959 1482 2023 dominum
1510 1960 1801 2043 patremfamilias3
1832 1961 1879 2024 sic

473 2094 586 2154 seruos
602 2073 778 2138 familiares
793 2072 1044 2156 appellauerunt
1054 2069 1075 2136 ⁴.
1122 2071 1175 2135 De
1186 2072 1306 2156 quibus
1321 2071 1387 2135 iam
1403 2073 1492 2148 satis,
1509 2071 1593 2136 forte
1612 2092 1654 2136 an
1670 2081 1704 2136 et
1719 2093 1826 2156 super.

479 2247 482 2252 .
518 2185 601 2249 Dixi
621 2186 867 2251 contentionem
883 2186 1014 2249 iustam.
1050 2184 1185 2248 Etenim
1202 2183 1326 2247 bellum
1339 2204 1411 2247 esse
1423 2183 1565 2262 iustum;
1584 2193 1617 2248 et
1635 2183 1713 2248 belli
1732 2185 1878 2250 actiones

474 2299 579 2363 iustas
598 2319 715 2362 omnes
738 2319 810 2363 esse
833 2297 918 2361 uolo
952 2307 986 2361 et
1008 2299 1054 2361 sic
1082 2297 1214 2375 iustum,
1238 2295 1396 2379 piumque
1425 2295 1526 2360 audio
1548 2295 1694 2362 bellurn:
1730 2307 1764 2361 et
1786 2317 1879 2362 arma

475 2408 561 2474 iusta
583 2411 704 2493 piaque
714 2409 734 2474 ⁵.
791 2411 836 2474 Et
859 2410 971 2493 itaque
994 2410 1234 2491 disputationes
1256 2427 1372 2472 omnes
1387 2417 1518 2472 nostrae
1533 2410 1575 2472 de
1593 2408 1656 2472 hoc
1680 2417 1783 2474 erunt.
1829 2409 1879 2472 At

475 2520 628 2584 uolumus
643 2521 696 2586 hic
718 2522 818 2586 etiam
842 2520 1111 2600 excursioneset
1127 2521 1357 2605 praedationes
1373 2520 1568 2585 excludere:
1596 2541 1682 2604 quae
1697 2521 1830 2601 iustum,
1845 2523 1878 2586 id

474 2640 535 2708 est,
559 2641 592 2696 et
616 2632 748 2716 plenum
774 2653 941 2697 armorum
965 2643 1163 2717 apparatum
1190 2653 1257 2696 non
1284 2632 1430 2697 habent:
1464 2642 1498 2697 et
1524 2633 1648 2698 bellum
1674 2633 1764 2700 haud
1791 2645 1879 2702 recte

475 2745 634 2813 dicentur.
691 2745 747 2822 Sic
771 2747 902 2826 iustum,
925 2766 991 2809 non
1014 2745 1121 2809 solum
1145 2746 1235 2828 quod
1260 2766 1280 2809 a
1306 2746 1374 2809 iure
1400 2753 1459 2826 est,
1486 2748 1544 2811 sed
1576 2756 1609 2810 et
1636 2747 1724 2830 quod
1755 2758 1805 2813 est
1835 2769 1879 2813 ex

474 2859 566 2924 omni
593 2867 687 2942 parte
712 2858 902 2942 perlectum,
925 2857 1118 2941 significati
1167 2858 1215 2923 Ut
1238 2857 1284 2922 sic
1308 2857 1444 2938 Seneca,
1468 2861 1577 2923 ‘mare
1598 2861 1763 2940 intumuit,
1786 2861 1879 2928 iustis

477 2974 632 3055 ‘quoque
648 2971 787 3054 nauigiis
810 2971 1009 3035 horrendum
1018 2969 1050 3036 ⁷.'
1096 2967 1163 3034 Sed
1181 2970 1275 3034 etsie
1296 2969 1359 3034 alii.
1388 2979 1421 3034 et
1440 2970 1649 3036 Modestinus
1666 2973 1691 3037 I.
1709 2973 1746 3037 C.
1762 2978 1880 3038 ‘testa-

476 3091 484 3118 ‘
501 3093 649 3149 mentum
666 3093 717 3147 est
737 3083 917 3146 uoluntatis
930 3091 1061 3146 nostrae
1073 3083 1158 3147 iusta
1170 3083 1334 3146 sententia
1344 3081 1374 3147 Β]
1401 3085 1490 3166 quod
1506 3086 1549 3149 de
1564 3084 1670 3168 plena,
1686 3095 1719 3149 et
1735 3085 1881 3169 perfecta

476 3197 692 3278 dispositione
715 3215 832 3273 rerum,
851 3213 936 3277 quae
959 3197 1110 3260 testatori
1131 3205 1217 3273 sunt,
1240 3195 1398 3274 omniurn,
1422 3198 1601 3262 rectissime
1624 3199 1881 3281 interpretantur

475 3309 648 3374 doctiores.
694 3308 744 3372 Ut
766 3308 832 3371 sint
855 3306 1009 3371 uidelicet
1032 3307 1181 3386 codicilli,
1201 3317 1235 3371 et
1258 3328 1374 3372 omnes
1398 3309 1535 3374 ultimae
1557 3311 1744 3376 uoluntates
1766 3313 1880 3393 iustae,

475 3421 539 3486 hoc
566 3431 624 3500 est,
649 3420 717 3484 iure
743 3420 996 3503 comprobatae:
1032 3440 1097 3482 non
1123 3430 1236 3484 tamen
1262 3419 1336 3500 alia,
1362 3431 1490 3505 praeter
1513 3431 1760 3504 testamentum,
1785 3425 1880 3503 iusta,

474 3533 537 3597 hoc
560 3542 619 3612 est,
641 3533 748 3616 plena,
768 3540 801 3596 et
821 3532 864 3595 de
886 3532 982 3596 bonis
1004 3531 1166 3610 omnibus,
1189 3530 1344 3596 uoluntas
1370 3543 1428 3612 est,
1452 3543 1485 3599 et
1509 3535 1661 3602 solennis.
1710 3538 1770 3616 lta,
1789 3540 1879 3620 quod

476 3667 537 3710 nos
561 3645 722 3725 uolumus,
746 3644 883 3709 Tacitus
910 3644 953 3709 de
976 3644 1095 3709 bellico
1119 3644 1290 3721 instructu,
1319 3645 1441 3726 ‘latius,
1467 3669 1507 3712 ac
1533 3649 1665 3728 diutius
1692 3671 1792 3733 quam
1823 3671 1883 3734 per

476 3759 674 3824 ‘latrocinia
701 3755 928 3824 uastauerat⁹.'
959 3766 992 3822 et
1020 3756 1142 3838 Liuius,
1167 3758 1413 3842 ‘populabundi
1438 3761 1550 3844 magis,
1568 3782 1668 3845 quam
1689 3761 1776 3827 iusto
1793 3784 1883 3852 more

476 3871 577 3937 ‘belli
587 3867 632 3935 ¹⁰.’
677 3871 784 3952 Item3
809 3871 973 3936 ‘Irritatio
987 3871 1172 3936 animorum
1192 3893 1236 3936 ex
1251 3873 1465 3955 populatione
1480 3871 1652 3957 agrorum,'
1668 3883 1730 3939 etc.
1747 3878 1883 3960 ‘postea

474 3989 484 4045 .‘
500 3986 622 4050 iustum
637 3985 762 4049 bellurn
778 3984 971 4064 indicendo,’
982 3994 1042 4050 etc.
1069 3984 1165 4064 Item,
1182 3989 1378 4069 ‘postquam
1393 3996 1528 4069 apertae
1543 3986 1698 4067 insidiae,'
1714 3998 1775 4054 etc.
1792 3993 1881 4053 ‘tum

476 4103 484 4130 ‘
500 4098 595 4176 iusto,
612 4108 645 4162 et
660 4108 750 4163 recto
767 4093 909 4182 proeli0,’
925 4108 986 4162 etc.
1031 4098 1127 4176 Item,
1144 4098 1338 4162 ‘latrociniis
1355 4099 1468 4181 magis,
1481 4119 1581 4182 quam
1598 4099 1684 4164 iusto
1706 4097 1815 4166 bello.’
1848 4109 1883 4167 et

477 4209 664 4289 Sallustius,
688 4211 879 4275 ‘latrocinio
904 4210 1018 4291 magis,
1042 4230 1143 4292 quam
1166 4209 1291 4291 proelio
1300 4209 1342 4274 Π]
1388 4211 1434 4275 Et
1457 4211 1568 4296 Scipio
1593 4214 1705 4296 itaque
1727 4212 1881 4292 latrones,

509 4412 518 4442 ¹
535 4412 632 4462 Herod.
643 4411 687 4460 lib.
701 4426 724 4476 9.
736 4423 807 4460 c.11.
938 4408 948 4438 ¹
963 4409 1030 4457 Non.
1044 4408 1157 4458 Marcell.
1169 4408 1261 4466 dilier.;
1278 4410 1331 4461 Cic.
1344 4423 1358 4474 5
1371 4410 1403 4460 de
1414 4411 1476 4477 Rep.
1488 4414 1511 4463 8.
1644 4415 1654 4446 ³
1671 4416 1740 4467 Insti.
1755 4430 1776 4466 r.
1790 4425 1811 4480 7.
1826 4429 1848 4479 3.

606 4494 616 4524 ⁴
633 4493 712 4543 Macr.
724 4505 746 4543 1.
759 4498 804 4543 sat.
818 4508 839 4542 c.
851 4504 888 4542 11.
901 4497 913 4552 5
927 4505 963 4540 rr.
1095 4490 1105 4520 ⁰
1123 4491 1178 4541 Liu.
1190 4491 1234 4541 lib.
1248 4493 1286 4554 38.
1299 4507 1319 4541 c.
1334 4507 1371 4541 22.
1503 4495 1513 4526 ⁸
1526 4496 1581 4547 Alc.
1594 4513 1617 4562 4.
1630 4498 1718 4549 Parad.
1733 4508 1755 4560 7.

540 4577 550 4607 r
568 4577 624 4628 Seu·
639 4586 660 4640 7¹
673 4576 760 4626 Contr,
773 4587 793 4625 χ,
1138 4573 1148 4604 ⁸
1164 4573 1181 4624 l.
1197 4587 1216 4624 1.
1229 4575 1271 4640 qui
1284 4581 1338 4627 test.
1350 4575 1395 4627 sac.
1408 4593 1474 4642 poss.
1488 4579 1531 4641 (Ι).
1546 4578 1584 4630 as.
1600 4584 1625 4642 1)
1638 4581 1681 4630 ubi
1693 4582 1748 4633 Bar.
1761 4580 1814 4634 Bal.

638 4657 727 4708 ’Tae
739 4657 871 4720 An.r5.r„
884 4670 903 4705 1.
1055 4655 1074 4686 ¹⁰
1088 4656 1144 4708 Liu.
1156 4653 1233 4708 lib.1.
1246 4674 1268 4708 c.
1282 4671 1319 4722 15.
1468 4659 1485 4690 ¹¹
1502 4663 1714 4730 Sall.1ug.e.97.
