4498 5566
934 637 1341 702 PRAEFATIO.

1117 928 1169 1000 ll.

806 1088 936 1186 Operis
961 1089 1020 1161 De
1044 1084 1138 1160 Iure
1161 1086 1266 1160 Belli
1289 1087 1477 1162 Historia.

490 1248 589 1340 Mos⁸
613 1263 693 1321 erat
727 1249 764 1319 in
795 1247 1052 1321 Uniuersitate
1088 1246 1297 1320 Oxoniensi
1329 1262 1370 1319 ut
1399 1248 1610 1342 quotannis,
1641 1249 1703 1322 die
1731 1247 1840 1322 lunae

440 1384 610 1480 proximo
636 1397 722 1479 post
751 1383 952 1479 septimum
978 1381 1078 1454 diem
1104 1381 1243 1454 mensis
1273 1379 1366 1465 lulii,
1393 1381 1557 1453 maxima
1581 1379 1722 1455 laetitia
1748 1381 1841 1456 cele-

439 1518 635 1620 brarentur
662 1515 834 1602 Comitia,
867 1515 946 1588 siue
978 1514 1109 1602 Actus,
1142 1514 1178 1585 in
1212 1514 1349 1610 quibus
1378 1513 1518 1587 fiebant
1546 1515 1777 1612 inceptiones
1804 1516 1840 1588 in

439 1651 613 1725 omnibus
651 1647 908 1734 facultatibus;
953 1648 990 1720 id
1024 1662 1083 1721 est
1115 1647 1254 1745 gradus
1290 1645 1523 1745 magistrales
1558 1664 1597 1722 et
1631 1648 1840 1722 doctorales

442 1785 658 1860 sollenniter
675 1783 969 1857 conferebantur.
1007 1780 1102 1854 Dies
1121 1779 1272 1853 Saturni
1291 1781 1518 1876 praecedens
1538 1781 1839 1878 ‘Uesperiarum’

442 1935 531 1992 erat.
596 1918 674 1990 Res
709 1916 746 1988 in
781 1915 949 1988 Ecclesia
990 1914 1030 1988 B.
1059 1913 1201 1986 Mariae
1239 1912 1408 2010 Uirginis
1443 1915 1634 2011 agebatur,
1671 1916 1840 2016 Theatro

443 2050 706 2138 Sheldoniano,
730 2049 832 2146 quod
858 2048 970 2122 hodie
995 2045 1133 2120 talibus
1157 2045 1287 2120 usibus
1314 2047 1477 2134 inseruit,
1506 2049 1670 2121 nondum
1693 2051 1841 2123 exaedi-

442 2188 561 2262 ficato.
617 2185 768 2284 Agendi
801 2183 953 2258 modum
985 2207 1006 2255 e
1033 2181 1182 2255 statutis
1213 2178 1299 2254 licet
1325 2179 1498 2279 colligere
1511 2189 1532 2256 ¹.
1589 2181 1664 2257 Die
1691 2184 1841 2257 Saturni

442 2339 529 2396 ante
572 2320 764 2394 meridiem
799 2316 975 2415 legebant
1017 2314 1233 2389 sollenniter
1270 2314 1506 2389 Professores
1550 2317 1586 2389 in
1617 2343 1842 2414 unaquaque

442 2453 629 2540 facultate,
664 2469 702 2526 et
732 2468 818 2548 post
852 2449 1046 2523 meridiem
1081 2448 1316 2522 habebantur
1350 2451 1398 2521 ab
1433 2450 1607 2523 omnibus
1644 2451 1842 2548 incepturis

443 2587 724 2685 disputationes.
779 2582 924 2656 Sufficit
947 2583 1007 2655 hic
1029 2608 1075 2654 ea
1092 2607 1190 2678 quae
1213 2582 1261 2655 de
1288 2581 1506 2656 luristarum
1529 2584 1843 2680 disputationibus

445 2720 595 2818 prouisa
613 2732 719 2791 erant
735 2739 933 2811 exponere.

423 2877 424 2881 ’
489 2861 562 2924 ‘De
579 2856 756 2941 incepturis
772 2856 804 2918 in
822 2853 1089 2936 lurisprudentia,
1105 2863 1267 2919 statutum
1286 2863 1346 2930 est,
1365 2857 1454 2938 quod
1476 2877 1536 2939 pro
1556 2879 1648 2923 more
1663 2856 1752 2944 (post
1768 2880 1843 2943 pro-

443 2983 575 3048 gressus
597 2961 723 3044 aliquot
745 2980 765 3023 a
788 2957 982 3033 Professore,
1005 2957 1037 3019 in
1061 2957 1283 3022 Praelectione
1306 2979 1406 3039 quam
1429 2968 1507 3023 ante
1533 2963 1703 3026 meridiem
1731 2963 1844 3026 incho-

444 3074 565 3139 averat,
582 3063 709 3145 factos),
723 3062 767 3125 ad
783 3059 999 3123 monitionem
1016 3059 1102 3122 illius
1118 3061 1195 3122 iuris
1211 3061 1348 3124 studiosi
1364 3061 1419 3143 qui
1436 3062 1469 3123 in
1490 3061 1540 3125 his
1557 3063 1845 3147 Disputationibus

445 3168 661 3234 moderatoris
676 3165 785 3230 locum
801 3163 970 3240 obtinet,a
986 3161 1174 3225 Professore
1190 3162 1296 3244 Regio
1311 3171 1378 3226 tres
1394 3165 1583 3245 questiones
1598 3178 1843 3250 proponantur3

444 3274 488 3338 de
517 3271 637 3354 quibus
666 3265 827 3349 incepturi
850 3263 969 3346 singuli
992 3264 1138 3326 seriatim
1167 3266 1398 3346 respondeant,
1429 3265 1617 3332 Professore
1647 3269 1763 3353 Regio,
1792 3271 1844 3334 vel

445 3376 562 3458 quovis
591 3373 656 3437 alio
686 3371 842 3446 Doctore,
872 3376 929 3431 aut
960 3365 1180 3430 Baccalaureo
1210 3367 1244 3428 in
1274 3366 1430 3449 Legibus,
1460 3380 1658 3451 opponente.
1714 3372 1845 3456 Quibus

445 3475 735 3559 Disputationibus
762 3471 911 3555 peractis,
939 3469 1127 3551 praedictus
1157 3468 1346 3531 moderator
1374 3471 1510 3552 singulis
1541 3473 1717 3556 incepturis
1745 3497 1845 3540 unam

445 3579 498 3644 vel
528 3579 612 3642 duas
637 3576 835 3640 antinomias
861 3572 1083 3637 conciliandas
1109 3580 1280 3653 proponet,
1308 3571 1413 3652 iisque
1442 3575 1631 3650 conciliatis,
1656 3577 1843 3644 huiusmodi

446 3681 744 3764 Disputationibus,
761 3679 851 3742 brevi
867 3676 978 3758 aliqua
993 3675 1207 3757 peroratione,
1222 3673 1322 3736 finem
1337 3673 1487 3757 imponat
1496 3675 1528 3741 2!
1624 3713 1629 3724 ·

499 3832 662 3907 Peractis
691 3828 1016 3926 disputationibus
1046 3826 1160 3900 moris
1192 3843 1272 3900 erat
1303 3842 1344 3900 ut
1374 3829 1539 3903 seniores
1568 3832 1776 3928 inceptores
1808 3833 1844 3905 in

444 3961 612 4059 qualibet
654 3958 838 4046 facultate,
882 3957 1128 4056 Theologiae,
1176 3957 1492 4055 lurisprudentiae
1540 3976 1579 4032 et
1622 3961 1842 4049 Medicinae,

446 4229 515 4292 etc.;
544 4218 752 4296 disputationes
772 4215 982 4288 Academicas;
1010 4215 1158 4273 lectiones.
1203 4214 1350 4273 Intersunt
1371 4213 1418 4273 hic
1439 4214 1495 4273 illic
1517 4233 1611 4290 pauca
1636 4217 1673 4276 de
1695 4237 1726 4278 se
1747 4221 1845 4292 uerba,

447 4317 592 4393 equibus
617 4333 704 4391 supra
727 4313 859 4373 nonnihil
882 4313 977 4371 retuli.
1034 4310 1166 4387 Incipere
1190 4311 1303 4370 solebat
1327 4329 1439 4369 nouum
1464 4313 1601 4390 quodque
1623 4315 1845 4376 adnotationum

446 4413 586 4471 uolumen
600 4411 735 4488 praefixis
749 4411 805 4481 die,
819 4427 921 4468 mense
936 4419 965 4467 et
979 4425 1068 4478 anno,
1083 4425 1200 4466 necnon
1214 4408 1310 4466 uerbis
1324 4407 1390 4466 Iesu
1405 4410 1526 4468 sanante.

638 4509 649 4540 ¹
670 4508 739 4568 Stat.
756 4506 845 4565 Uniu.
860 4505 900 4567 tit.
914 4504 960 4575 vii,
975 4513 1046 4562 sect.
1060 4503 1079 4563 i.
1559 4511 1570 4545 ²
1592 4511 1636 4574 n),
1651 4510 1666 4588 q
1682 4513 1707 4571 6,
