4498 5566
706 766 768 818 DE
795 766 899 820 IURE
927 767 1061 834 BELLI,
1092 767 1172 820 LIB.
1195 767 1220 838 l,
1252 765 1338 820 CAP.
1368 767 1430 820 VII.
1725 775 1766 841 33

367 1032 485 1076 causae
500 1011 587 1090 belli,
603 1023 636 1076 et
654 1013 718 1075 sint
737 1031 798 1074 nec
814 1010 912 1076 leues.
958 1012 1077 1075 Parum
1094 1032 1237 1094 namque
1251 1035 1271 1077 a
1287 1012 1388 1076 nihilo
1405 1013 1464 1076 uix
1480 1013 1581 1077 distat
1591 1010 1614 1074 ¹.
1659 1011 1705 1075 Et
1721 1009 1767 1075 sic

366 1122 566 1190 Aristoteles
586 1144 650 1188 non
665 1125 846 1206 prudenter
860 1124 968 1202 modo,
984 1144 1098 1187 uerum
1115 1125 1216 1188 etiam
1232 1125 1317 1188 iuste
1333 1135 1456 1204 monet,
1475 1145 1542 1188 non
1560 1123 1769 1206 suscipienda

367 1234 453 1299 bella
469 1236 512 1299 ob
529 1256 678 1299 caussam
695 1235 803 1298 leuem
813 1232 835 1298 ².
882 1233 948 1298 Cur
967 1237 1054 1299 enim
1075 1256 1140 1298 non
1159 1256 1282 1318 magno
1304 1236 1419 1300 morbo
1442 1256 1600 1318 magnum
1624 1235 1791 1299 medica·

368 1345 539 1411 mentum?
585 1346 670 1411 Dico
693 1347 812 1409 iterum
835 1345 877 1408 de
900 1344 973 1411 hoc.
1020 1347 1131 1410 Etiam
1155 1358 1188 1411 et
1211 1349 1299 1431 quod
1323 1368 1440 1411 causae
1463 1347 1584 1411 dubiae
1607 1367 1680 1410 esse
1702 1365 1768 1410 non

367 1457 510 1522 debent:
542 1468 575 1521 et
602 1478 708 1540 neque
734 1457 911 1539 antiquae?
959 1457 1007 1521 Ut
1033 1459 1120 1522 enim
1147 1460 1199 1522 hic
1223 1461 1373 1523 uideatur
1395 1458 1486 1523 locus
1513 1479 1591 1520 suus
1612 1457 1664 1520 his
1688 1478 1768 1536 esse,

367 1568 423 1631 ubi
438 1568 634 1650 generaliter
649 1577 802 1633 notamus
818 1571 860 1633 de
879 1569 993 1648 causis¹
1010 1579 1121 1633 tamen
1140 1571 1186 1633 sic
1206 1571 1314 1652 placet
1335 1581 1451 1654 postea
1471 1569 1648 1652 explicare,
1663 1547 1767 1650 quum

367 1681 400 1743 in
419 1681 556 1744 materia
573 1679 736 1744 bellorum
755 1681 840 1745 adeo
858 1682 1022 1764 peregrini
1041 1703 1107 1745 non
1126 1683 1258 1759 erimus,
1274 1692 1310 1746 ut
1329 1683 1361 1745 in
1382 1683 1445 1746 isto
1463 1681 1624 1765 principio
1644 1699 1768 1743 sumus

369 1789 480 1855 Etiam
496 1811 555 1855 nec
573 1793 661 1856 cadit
676 1792 874 1875 disceptatio
889 1793 932 1856 ad
948 1814 1081 1856 caussas
1096 1794 1232 1869 diuinas,
1249 1815 1331 1876 quas
1349 1793 1462 1858 statim
1483 1812 1626 1875 expon0,
1642 1790 1684 1854 de
1702 1789 1767 1854 leui

367 1913 400 1966 et
418 1904 461 1967 de
476 1904 620 1986 antiquo.
667 1902 759 1966 Nihil
776 1925 843 1967 non
860 1903 932 1968 leue
949 1906 981 1967 in
997 1905 1115 1968 diuinis
1132 1916 1189 1984 est,
1206 1927 1247 1969 ne
1267 1905 1342 1970 Iota
1360 1905 1503 1989 quidem.
1549 1901 1641 1967 Nihil
1657 1911 1707 1966 est
1721 1901 1766 1965 ibi

367 2015 553 2097 antiquitas,
574 2017 632 2079 sed
657 2017 786 2080 ueritas
832 2017 945 2080 Etiam
969 2017 1001 2079 in
1024 2016 1112 2080 bello
1135 2016 1344 2095 defensionis,
1363 2017 1454 2100 quod
1476 2015 1618 2099 primum
1642 2023 1766 2093 tracto;

367 2147 433 2190 non
448 2137 524 2192 sunt
539 2128 622 2192 istae
638 2129 865 2193 distinctiones
881 2127 981 2204 dubii,
998 2130 1088 2207 leuis,
1104 2129 1238 2211 antiqui.
1284 2127 1352 2192 Sed
1368 2129 1516 2192 omnium
1532 2135 1582 2192 est
1596 2126 1755 2192 defensio.

411 2239 523 2303 Iustae
549 2241 615 2304 sint
638 2261 776 2305 causae:
804 2261 881 2304 nam
904 2261 1001 2304 causa
1024 2241 1144 2304 iniusta
1167 2261 1227 2305 nec
1250 2250 1300 2304 est
1327 2261 1424 2304 causa
1433 2238 1455 2305 ³.
1501 2240 1547 2304 Et
1574 2247 1663 2303 certa
1684 2239 1767 2303 haec

367 2359 462 2414 sunt:
494 2352 526 2414 in
553 2353 747 2433 quaestione
770 2352 850 2417 illud
875 2363 996 2428 manet,
1020 2373 1105 2434 quae
1127 2351 1190 2415 hae
1217 2353 1282 2416 sint
1306 2352 1411 2416 iustae
1438 2371 1565 2415 causae.
1612 2351 1767 2418 Uidimus

367 2470 479 2525 autem
501 2464 544 2526 de
566 2465 746 2528 efficiente:
774 2466 816 2528 de
837 2463 896 2542 his,
913 2465 968 2547 qui
992 2465 1067 2528 iusti
1091 2472 1242 2527 auctores
1263 2473 1340 2527 sunt
1362 2462 1533 2527 bellorum.
1579 2461 1674 2546 Quae
1697 2463 1768 2529 sola

367 2574 492 2638 iustitia
516 2575 596 2639 satis
622 2576 801 2658 aliquando
828 2577 958 2640 uidetur
982 2597 1062 2655 esse,
1085 2584 1167 2659 puta
1177 2574 1198 2655 ⁴,
1220 2585 1256 2640 ut
1283 2596 1333 2638 res
1359 2575 1406 2639 sic
1433 2573 1521 2639 bello
1548 2574 1707 2657 perditae,
1733 2582 1768 2640 et

368 2695 578 2768 recuperatae
600 2687 642 2750 de
665 2686 816 2750 manibus
837 2687 991 2763 hostium,
1011 2708 1078 2751 non
1102 2687 1316 2752 restituantur
1335 2687 1478 2770 antiquis
1499 2687 1650 2766 dominio,
1669 2687 1696 2750 si
1718 2707 1768 2751 res

367 2806 500 2861 nostrae
531 2799 605 2877 sint,
637 2819 777 2881 quarum
811 2799 1050 2881 postliminium
1085 2808 1143 2877 est,
1174 2819 1287 2862 uerum
1317 2806 1375 2863 aut
1405 2799 1556 2881 publicae
1586 2798 1676 2874 fiant,
1710 2806 1769 2864 aut

368 2910 577 2992 capientium.
623 2909 705 2975 Sola
720 2911 844 2975 scilicet
859 2913 1038 2977 auctoritas
1054 2911 1238 2994 principum
1256 2910 1320 2985 hic,
1333 2932 1398 2974 non
1414 2911 1478 2975 alia
1493 2912 1636 2976 iustitiae
1653 2931 1769 2975 caussa

368 3021 561 3086 attenditur.
607 3021 820 3105 Quamquam
841 3023 995 3088 Alciatus
1015 3025 1083 3088 imo
1104 3024 1188 3087 inter
1207 3022 1413 3087 Christianos
1432 3022 1476 3085 ad
1495 3021 1633 3086 aliarum
1654 3043 1768 3087 causa-

369 3153 440 3196 rum
464 3133 622 3196 iustitiam
645 3135 816 3216 potissime
843 3136 960 3218 respici
983 3134 1073 3199 uelit.
1129 3135 1182 3199 De
1207 3136 1269 3199 hac
1292 3135 1416 3199 iustitia
1438 3133 1608 3198 efficientis
1632 3154 1768 3200 caussae

368 3253 418 3308 est
449 3244 550 3308 etiarn
580 3244 670 3327 quod
697 3246 845 3310 dicemus
872 3247 957 3311 circa
984 3245 1153 3310 subditos:
1189 3246 1245 3328 qui
1270 3245 1412 3310 militent
1438 3246 1522 3310 iuste
1549 3245 1688 3328 principi
1713 3245 1768 3311 uel

369 3355 490 3419 iniuste
504 3354 719 3439 belligeranti.

412 3466 605 3531 Uidendum
624 3481 700 3549 post
719 3469 915 3533 efficientem
934 3470 976 3532 de
995 3469 1066 3532 aliis
1085 3469 1208 3532 caussis
1226 3477 1285 3532 est.
1330 3467 1489 3531 Tractant
1507 3467 1616 3550 aliquI,
1634 3467 1661 3530 si
1680 3467 1768 3532 bona

368 3579 507 3643 intentio
522 3579 678 3661 principis
693 3581 810 3644 adesse
825 3581 947 3644 debeat
963 3583 1005 3645 ad
1022 3581 1181 3645 iustitiam
1194 3579 1271 3643 belli
1281 3579 1303 3639 ⁵.
1350 3578 1449 3662 Quod
1466 3588 1516 3642 est
1528 3577 1767 3662 theologorum.

369 3690 475 3754 Nobis
498 3691 678 3754 uidendum
700 3692 744 3756 de
767 3713 883 3756 caussa
905 3691 1033 3756 formali
1058 3702 1115 3757 est.
1161 3691 1207 3755 Et
1229 3692 1415 3754 uidebimus
1440 3690 1474 3752 in
1497 3691 1642 3754 secundo
1664 3691 1767 3755 libro:

368 3801 423 3865 ubi
444 3804 487 3866 de
506 3803 660 3866 omnibus
683 3805 861 3886 exponitur
882 3825 967 3886 quae
990 3805 1022 3866 in
1045 3805 1189 3886 gerendo
1212 3801 1298 3865 bello
1321 3810 1407 3864 sunt.
1452 3793 1646 3864 Uidendum
1670 3799 1769 3864 etde

369 3913 480 3991 finali3
510 3913 599 3996 quod
619 3913 676 3978 fiet
695 3916 727 3978 in
747 3913 830 3979 libro
848 3916 965 3979 tertio:
993 3913 1049 3977 ubi
1067 3914 1136 3976 iura
1154 3912 1295 3990 uictoris,
1311 3921 1344 3974 et
1360 3911 1446 3987 uicti,
1465 3920 1498 3974 et
1514 3911 1586 3974 finis
1602 3912 1766 3989 uictoriae,

369 4032 403 4088 et
425 4025 569 4089 rationes
591 4025 667 4089 belli
691 4026 826 4090 finiendi
850 4024 1066 4108 explicantur.
1112 4025 1210 4086 Nunc
1236 4019 1415 4086 uidendum
1442 4032 1493 4086 est
1515 4021 1559 4086 de
1585 4022 1766 4090 materiali:

369 4135 401 4199 id
422 4145 480 4215 est,
496 4138 539 4200 de
557 4135 616 4217 his,
634 4159 720 4220 quae
743 4139 915 4200 materiam
931 4135 1008 4200 belli
1024 4135 1192 4219 praebent.
1239 4133 1285 4196 Et
1303 4139 1379 4196 sunt
1396 4133 1479 4196 istae
1495 4133 1630 4215 triplicis
1648 4134 1768 4216 speciei
1789 4123 1793 4130 ’

368 4255 427 4310 aut
443 4249 531 4311 enim
546 4247 678 4312 diuinae
693 4257 778 4328 sunt,
793 4258 850 4313 aut
866 4246 1040 4328 naturales,
1055 4256 1113 4312 aut
1127 4243 1211 4310 aliae
1226 4245 1407 4310 hominum.

435 4497 442 4526 ¹
461 4500 513 4548 Ari.
527 4513 548 4562 5.
562 4501 616 4551 Pol.
631 4517 653 4564 3.
668 4515 705 4549 10.
847 4499 857 4529 ²
873 4499 927 4550 Ari.
941 4511 962 4564 7.
975 4499 1030 4549 Pol.
1045 4513 1083 4564 14.
1097 4515 1135 4549 21.
1287 4499 1296 4529 ³
1312 4497 1329 4548 l.
1344 4512 1399 4547 221.
1411 4497 1442 4547 de
1452 4513 1474 4549 v.
1487 4497 1512 4548 S.
1526 4497 1581 4560 (D.
1597 4509 1636 4559 50.
1651 4495 1701 4560 16).

513 4584 522 4614 ⁴
540 4584 596 4634 Ale.
608 4584 625 4634 l.
640 4599 660 4633 1.
672 4583 703 4633 de
715 4585 753 4633 ad.
766 4599 832 4648 poss.
845 4583 891 4647 (D.
903 4597 943 4647 41.
958 4585 992 4646 ι).
1123 4583 1132 4611 r
1149 4584 1240 4634 Couar.
1253 4583 1314 4646 Reg.
1327 4581 1466 4642 Peccatum,
1479 4598 1504 4647 p.
1519 4596 1540 4630 2.
1554 4587 1566 4642 ξ
1582 4594 1619 4630 ιο.
