4498 5566
674 741 678 748 ·
746 723 807 776 DE
837 723 942 777 IURE
970 723 1104 795 BELLJ,
1134 725 1260 794 LIB.I,
1292 724 1379 781 CAP.
1402 725 1458 780 IX.
1756 728 1798 802 35

399 964 478 1028 odio
501 964 534 1028 in
558 965 674 1029 Persas
693 966 801 1029 Turca
824 965 937 1042 fertur,
956 975 988 1030 et
1012 966 1044 1028 in
1070 966 1282 1045 Christianos,
1306 988 1422 1032 caussa
1446 966 1621 1049 religionis.
1666 982 1799 1030 suasum

399 1093 479 1139 uero
498 1074 670 1140 Solimano
688 1085 844 1154 narratur,
862 1086 899 1140 ut
917 1077 951 1139 in
969 1076 1173 1141 Christianos
1193 1077 1303 1159 potius
1322 1089 1470 1143 moueret
1487 1098 1599 1142 arma:
1623 1097 1700 1141 nam
1724 1078 1801 1141 Per-

399 1206 452 1249 sas
467 1207 539 1250 esse
553 1196 683 1252 tantum
701 1187 883 1251 haereticos
893 1185 913 1251 ¹.
959 1187 1083 1252 Contra
1098 1208 1198 1270 quam
1216 1188 1250 1251 in
1269 1189 1408 1253 concilio
1424 1189 1616 1253 Lusitanico
1631 1188 1802 1253 dicebatur

400 1295 517 1361 ultimo
536 1300 605 1380 regi
629 1297 834 1374 Sebastiano,
859 1307 896 1362 ut
923 1308 1036 1363 contra
1056 1297 1237 1362 haereticos
1259 1300 1369 1381 potius
1391 1319 1493 1382 quam
1515 1309 1629 1364 contra
1651 1299 1801 1364 infideles

400 1407 498 1474 ferret
520 1409 645 1474 bellum
654 1409 677 1476 ².
725 1410 804 1474 Non
827 1407 890 1473 hoc
912 1409 955 1472 ab
980 1408 1144 1492 Hispania
1167 1409 1238 1474 est?
1292 1411 1472 1475 Decretum
1496 1410 1585 1488 illud,
1608 1432 1674 1493 quo
1698 1431 1802 1493 nuper

400 1517 571 1604 Philippus
593 1523 729 1586 eiurauit
751 1521 874 1585 bonam
898 1521 1026 1603 copiam
1050 1531 1083 1585 et
1106 1521 1215 1601 fidem,
1238 1522 1326 1601 dicit,
1347 1521 1435 1587 bella
1457 1543 1493 1586 se
1515 1521 1636 1586 habere
1659 1521 1801 1585 irrecon-

399 1630 554 1696 ciliabilia
570 1653 646 1697 cum
664 1632 851 1697 infidelibus
871 1642 904 1696 et
922 1653 997 1696 curn
1015 1632 1195 1698 haereticis.
1252 1633 1431 1698 Testantur
1452 1633 1507 1697 alii
1529 1633 1614 1697 hanc
1637 1630 1800 1695 bellorum

400 1739 542 1826 Philippi
565 1765 714 1808 caussam
724 1743 746 1806 ³.
793 1743 951 1807 Testatur
970 1743 1068 1822 orbis,
1087 1744 1142 1827 qui
1165 1745 1226 1808 sub
1245 1755 1385 1828 utroque
1402 1745 1487 1810 iacet
1505 1743 1583 1808 sole.
1629 1741 1701 1806 Nos
1720 1762 1799 1807 uero

400 1854 446 1918 ita
461 1855 645 1935 statuimus,
660 1866 697 1920 ut
714 1855 827 1920 Iudaei
843 1855 1019 1920 iustissime
1035 1855 1160 1920 bellum
1176 1857 1337 1938 gesserint
1352 1857 1384 1919 in
1402 1855 1605 1922 Cananaeos.
1630 1843 1688 1919 'Ut
1702 1864 1800 1918 antea

399 1985 532 2048 quoque
552 1967 677 2031 dictum
703 1977 762 2031 est.
818 1967 961 2048 Reliqui,
984 1986 1050 2029 non
1073 1967 1207 2049 quidem
1229 1968 1350 2047 diuino,
1370 1978 1403 2032 et
1424 1969 1511 2031 iusto
1530 1987 1616 2045 uero,
1635 1965 1693 2030 sed
1714 1965 1800 2030 iusto

399 2076 619 2141 defendantur
636 2077 789 2156 humano,
809 2087 842 2141 et
862 2099 906 2140 ex
924 2077 1126 2160 principibus
1146 2078 1305 2142 institutis
1323 2089 1495 2143 sectarum.
1552 2076 1692 2160 Semper
1712 2077 1800 2140 enirn

398 2208 512 2252 uerum
534 2199 591 2268 est,
611 2190 701 2271 quod
725 2199 818 2253 notat
840 2188 922 2252 alter
945 2189 1147 2252 medicorum
1174 2208 1322 2252 summus
1348 2187 1495 2268 auctor⁴,
1516 2187 1710 2270 reprehendi
1734 2207 1800 2251 non

397 2309 549 2383 oportere
572 2299 787 2379 definitiones,
802 2321 887 2382 quae
905 2300 1046 2364 traditae
1064 2301 1128 2364 sint
1146 2302 1327 2365 secundum
1346 2311 1470 2365 sectam
1489 2299 1684 2364 definientis.
1720 2301 1799 2364 ade-

398 2431 486 2493 oque
503 2432 563 2476 nec
580 2412 717 2476 istorum
736 2411 824 2475 facta
841 2411 968 2493 possint
990 2410 1192 2492 reprehendi,
1211 2412 1238 2475 si
1260 2413 1443 2476 secundum
1464 2411 1610 2494 ipsorum
1632 2418 1709 2475 sunt
1727 2410 1800 2475 reli·

398 2523 542 2604 gionem.
597 2522 778 2587 ‘Gradiuus
804 2522 916 2586 iubeat
941 2523 968 2585 si
996 2542 1113 2605 capere
1139 2542 1231 2586 arma
1257 2523 1397 2587 ducem:
1430 2523 1549 2586 Fidere
1574 2533 1644 2586 tam
1668 2521 1717 2586 sas
1739 2532 1799 2600 est,

399 2637 522 2717 ‘quam
540 2635 692 2700 dubitare
710 2634 811 2700 nefas.
857 2634 1011 2698 Mortalia
1029 2644 1190 2717 quaerunt
1208 2633 1390 2700 consilium.
1433 2643 1541 2699 certus
1560 2635 1648 2698 iussa
1665 2654 1800 2717 capesse

397 2745 485 2810 ‘Dei
496 2743 528 2810 ὅ]
573 2745 628 2810 Sic
651 2746 713 2824 isti,
728 2756 770 2825 et,
785 2749 917 2810 ‘contra
939 2747 1012 2828 quis
1034 2744 1117 2810 serat
1140 2766 1231 2810 arma
1254 2741 1405 2809 De0s⁰?’
1450 2744 1546 2828 Quae
1568 2745 1602 2808 in
1624 2744 1689 2808 alio
1711 2745 1801 2810 dicta

396 2865 599 2940 argumento,
623 2867 656 2921 et
678 2855 732 2920 hic
749 2855 873 2921 ualent.
919 2856 987 2922 Sed
1011 2857 1214 2940 pergendum
1239 2866 1290 2922 est
1312 2857 1354 2921 ad
1379 2857 1531 2936 radicem,
1555 2864 1588 2921 et
1610 2851 1799 2936 uidendum,

337 2982 343 2992 ’
395 2970 423 3032 si
439 2970 471 3032 in
487 2967 539 3033 his
553 2969 641 3034 bona
657 2969 794 3033 istorum
812 2967 925 3051 religio
941 2979 998 3033 est.

1000 3255 1088 3330 Chr.
1121 3253 1192 3329 IX.

710 3440 782 3514 An
808 3439 938 3514 bellum
965 3441 1103 3514 r'rtstum
1128 3440 1179 3512 sit
1195 3451 1271 3538 pro
1296 3438 1491 3535 Religione.

441 3625 497 3712 ET
512 3626 647 3708 quidem
666 3626 692 3690 si
709 3625 823 3709 religio
842 3626 911 3690 eius
934 3637 985 3690 est
1008 3635 1152 3703 naturae,
1170 3636 1206 3689 ut
1225 3622 1377 3707 compelli
1395 3624 1439 3686 ad
1459 3643 1532 3686 eam
1551 3622 1673 3687 inuitus
1692 3623 1801 3687 nullus

397 3737 516 3800 debeat
525 3736 548 3802 ⁷.
594 3737 709 3820 Atque
728 3759 813 3801 noua
832 3738 888 3801 illa
905 3738 1032 3812 dicitur,
1050 3747 1083 3801 et
1106 3737 1254 3800 inaudita
1277 3734 1487 3817 praedicatio,
1502 3753 1589 3815 quae
1611 3733 1801 3797 uerberibus

396 3848 503 3931 exigit
518 3847 628 3912 fidem.
667 3847 830 3931 Sequitur,
846 3849 914 3911 uim
930 3849 1027 3911 istam
1043 3847 1164 3910 iustam
1183 3865 1249 3908 non
1266 3865 1346 3907 esse.
1380 3844 1476 3906 ‘Hoc
1492 3844 1535 3906 ad
1552 3842 1800 3925 irreligiositatis

354 4029 356 4033 ,
397 3959 562 4043 ‘elogium
589 3961 760 4038 concurrit,
781 3961 928 4024 adimere
950 3958 1137 4022 libertatem
1161 3955 1334 4037 religionis,
1357 3963 1391 4017 et
1413 3952 1606 4016 interdicere
1629 3953 1800 4034 optionem

395 4071 623 4136 ‘diuinitatisz
651 4079 688 4135 ut
706 4092 772 4136 non
792 4072 889 4136 liceat
908 4070 988 4134 mihi
1007 4070 1114 4135 colere
1133 4087 1232 4150 quem
1252 4063 1360 4137 uelim,
1380 4065 1438 4127 sed
1458 4082 1557 4145 cogar
1576 4062 1682 4126 colere
1699 4084 1800 4146 quem

395 4181 531 4246 ‘nolim
567 4191 669 4264 atque
695 4184 780 4246 adeo
807 4191 841 4247 et
865 4182 1043 4265 Aegyptiis
1069 4179 1228 4264 permissa
1251 4183 1302 4240 est
1327 4184 1396 4239 tam
1427 4193 1534 4238 uanae
1560 4175 1799 4257 superstitionis

461 4431 541 4484 ²Iou.
554 4448 593 4496 33.
608 4433 646 4496 3⁶.
749 4431 879 4485 'Conest
892 4449 913 4485 1.
1019 4429 1296 4482 'Ferrarotdelnim
1310 4433 1323 4489 ξ
1338 4437 1360 4492 7.
1461 4423 1733 4489 ‘Gal4DillPuls

391 4513 480 4566 ὅΑιιε.
492 4514 588 4566 Theod.
600 4519 667 4582 Aug.
759 4517 843 4567 ‘Tib
860 4532 878 4567 ι.
891 4513 961 4580 Eleg.
975 4527 996 4578 7.
1010 4528 1049 4578 30.
1139 4513 1239 4576 ⁷035.
1255 4524 1292 4574 ²3·
1304 4524 1371 4576 q.5;
1389 4526 1410 4560 c.
1425 4523 1446 4560 1.
1459 4522 1481 4571 3.
1494 4506 1550 4558 dist.
1563 4523 1649 4572 45;c.
1663 4520 1685 4570 3.
1698 4507 1729 4556 de
1741 4507 1800 4572 bap.

1072 4751 1190 4826 Fa·
