4522 5570
475 741 537 802 114
956 735 1159 790 ALBERICI
1187 737 1388 790 GENTILIS

471 975 597 1039 scilicet
629 976 662 1038 id
693 976 896 1054 interimitur,
927 979 1018 1039 cuius
1047 987 1099 1040 est
1128 976 1242 1055 sonna,
1272 999 1338 1041 non
1368 978 1458 1042 aliud
1468 979 1488 1042 ¹.
1545 978 1633 1042 Ecce
1666 979 1876 1043 monarchica

472 1085 646 1150 interemta
664 1086 769 1150 sonna
787 1095 862 1169 post
880 1097 1017 1152 exactos
1040 1110 1140 1172 reges,
1162 1089 1264 1153 etiam
1285 1089 1529 1154 monarchicum
1550 1091 1724 1172 imperium
1746 1091 1876 1154 Romae

473 1198 580 1275 desiit,
596 1199 654 1262 sed
677 1198 851 1281 imperium
875 1199 1004 1263 Romae
1028 1221 1094 1263 non
1117 1201 1223 1266 desiit.
1267 1200 1339 1265 Alii
1363 1222 1487 1266 nouum
1509 1202 1670 1265 definiunt
1692 1202 1874 1284 imperium,

472 1312 563 1392 quod
600 1312 643 1375 ab
681 1311 868 1374 hominibus
902 1313 1025 1376 exteris
1055 1314 1087 1376 ui
1117 1324 1152 1378 et
1183 1315 1282 1378 armis
1311 1326 1511 1397 occupatum
1542 1324 1603 1378 est.
1660 1313 1818 1379 Ceterum
1847 1314 1875 1377 si
1965 1293 1967 1298 ,

474 1423 614 1486 uictores
640 1421 719 1484 nihil
747 1423 859 1500 uelint,
884 1444 987 1505 quam
1014 1425 1047 1488 in
1073 1427 1304 1508 participatum
1334 1427 1445 1490 uenire
1471 1427 1615 1490 ciuitatis
1642 1435 1700 1490 aut
1724 1426 1874 1508 imperii:

472 1543 508 1597 et
529 1535 557 1596 si
579 1533 730 1616 princeps
748 1533 854 1598 uictor
876 1534 956 1598 nihil
975 1536 1063 1614 uelit,
1078 1558 1180 1618 quam
1199 1559 1272 1602 esse
1289 1539 1496 1603 deuictorum
1516 1539 1689 1621 princeps:
1713 1538 1874 1620 impedita

472 1643 526 1708 hic
546 1654 660 1708 manet
678 1645 838 1710 definitio.
884 1646 1005 1729 Cogita
1020 1648 1182 1726 Aeneam,
1200 1659 1233 1714 et
1255 1660 1334 1714 ante
1356 1651 1475 1732 ipsum,
1491 1659 1525 1713 et
1548 1670 1624 1713 curn
1647 1651 1729 1730 ipso,
1744 1659 1779 1713 et
1799 1658 1876 1730 post

473 1756 581 1838 ipsum
611 1757 654 1820 ad
686 1777 788 1839 usque
818 1759 1003 1822 exscidium
1032 1760 1152 1840 Albae,
1186 1751 1324 1843 regnum
1358 1762 1528 1826 Latinum.
1587 1761 1681 1824 Haec
1715 1763 1762 1825 ita
1797 1759 1876 1822 mihi

473 1865 634 1930 uidentur.
679 1867 777 1950 Quae
802 1877 914 1932 autem
941 1871 984 1934 de
1008 1872 1163 1935 Romano
1189 1873 1327 1954 imperio
1358 1883 1435 1937 sunt
1460 1873 1638 1955 disputata,
1666 1893 1705 1936 ac
1729 1871 1875 1949 definita,

472 1976 591 2040 eadem
606 1979 798 2060 accipienda
812 1980 855 2043 de
870 1980 942 2044 aliis
957 1970 1034 2046 sunt
1050 2003 1190 2065 quoque.
1232 1983 1286 2047 De
1302 1985 1456 2047 Romano
1472 1985 1644 2066 disputant
1658 1994 1693 2047 et
1708 1983 1874 2065 theologi:

473 2100 507 2152 et
525 2109 640 2152 omnes
659 2085 803 2176 (opinor)
822 2111 951 2156 mecum
970 2093 1140 2158 definiunt.

1033 2408 1123 2482 CnP.
1158 2409 1311 2483 XXIV.

845 2645 893 2716 Si
917 2646 956 2716 in
975 2655 1138 2741 posteros
1165 2657 1333 2720 nwuetur
1359 2650 1499 2727 bellum.

519 2877 596 2940 SED
619 2888 655 2942 ut
677 2898 880 2942 successores
903 2878 1026 2941 bellum
1055 2889 1199 2954 mouent,
1223 2903 1266 2946 an
1289 2886 1390 2948 etiam
1417 2887 1449 2950 in
1475 2890 1700 2956 successores?
1732 2894 1795 2959 hoc
1818 2907 1877 2974 est,

473 3010 517 3051 an
548 2989 653 3063 liceat,
680 2989 804 3052 bellum
836 2969 968 3054 mouere
998 3000 1111 3054 contra
1142 3013 1345 3059 successores
1376 3007 1409 3062 et
1440 3010 1599 3081 posteros,
1629 3005 1719 3086 quod
1750 3006 1877 3072 licitum

474 3099 589 3163 fuisset
621 3109 736 3164 contra
769 3121 1003 3182 praecessores.
1063 3102 1160 3185 Quae
1192 3114 1242 3168 est
1272 3107 1397 3188 agitata
1428 3113 1578 3192 quaestio
1611 3135 1655 3178 ex
1689 3115 1877 3181 Alexandri

475 3209 573 3296 facto,
593 3208 717 3273 bellum
740 3211 773 3272 in
797 3211 912 3275 Persas
936 3213 1108 3290 mouentis
1128 3223 1161 3277 et
1184 3216 1390 3284 incendentis
1411 3242 1526 3285 eorum
1549 3226 1654 3302 arbee,
1673 3225 1817 3292 Graecos
1840 3238 1877 3293 ut

476 3321 686 3384 ulcisceretur
710 3342 789 3384 suos
798 3320 819 3385 2.
873 3322 1087 3405 Quamquam
1116 3324 1308 3391 Herodotus
1334 3331 1531 3413 principium
1561 3315 1657 3400 huius
1684 3339 1773 3400 saeui
1800 3337 1878 3403 iacti

477 3432 610 3497 Graecis
632 3434 791 3510 attribuit,
812 3443 845 3496 et
869 3433 975 3498 Persis
998 3435 1286 3504 uindicationem3.
1333 3439 1401 3506 Sed
1426 3444 1469 3508 de
1490 3444 1578 3510 sacto
1603 3416 1682 3510 mihi
1709 3469 1786 3512 cura
1812 3469 1878 3513 non

476 3555 536 3609 est.
581 3545 716 3628 Quaero
744 3546 786 3608 de
813 3545 882 3608 iure
905 3544 1005 3610 sacti:
1036 3557 1069 3611 et
1097 3560 1258 3629 quantum
1282 3553 1324 3615 ad
1348 3564 1519 3636 posteros:
1550 3578 1627 3622 narn
1654 3560 1697 3623 de
1723 3562 1879 3625 uastitate

475 3666 511 3720 et
529 3657 687 3721 incendiis
701 3657 878 3721 disseretur
898 3658 931 3719 in
950 3659 1094 3721 secundo
1113 3659 1206 3723 libro.
1251 3661 1367 3745 Atque
1385 3663 1555 3742 Arrianus,
1572 3690 1673 3750 quem
1693 3681 1878 3734 nostrarum

476 3768 587 3850 legum
614 3768 871 3833 exauctoribus
898 3789 1001 3831 unum
1026 3768 1126 3834 luisse
1153 3770 1270 3837 uolunt
1293 3775 1427 3856 quidam
1438 3777 1461 3851 ⁴,
1482 3776 1596 3843 laudat
1623 3781 1745 3862 ubique
1771 3781 1879 3846 Alex-

476 3880 570 3944 andri
602 3879 700 3958 facta,
732 3882 791 3944 sed
827 3881 1008 3946 uindictam
1042 3882 1149 3958 istam,
1184 3885 1323 3948 damnat
1358 3886 1514 3968 palam⁵:
1549 3910 1624 3954 curn
1657 3893 1714 3973 qui
1747 3893 1880 3957 iniurias

477 3991 611 4056 Graecis
642 3992 832 4068 intulerunt,
860 3992 906 4054 illi
937 3993 1003 4055 iam
1034 3995 1155 4057 mortui
1191 3994 1305 4058 nullibi
1346 4008 1464 4063 essent.
1527 4001 1621 4065 Idem
1659 4005 1880 4069 condemnare

477 4103 607 4166 uidetur
629 4101 672 4185 Q.
697 4101 829 4167 Curtius
852 4103 884 4165 in
907 4124 948 4165 eo
971 4104 1060 4184 quod
1085 4114 1235 4184 posteros
1257 4108 1462 4188 proditorum
1490 4114 1697 4193 quorundam
1721 4115 1879 4180 Graeciae

478 4213 640 4277 interfecit
661 4234 799 4277 omnes:
829 4214 910 4276 dum
934 4215 1061 4278 censuit
1085 4216 1253 4297 improbos
1278 4221 1501 4302 improborum
1528 4233 1677 4306 posteros
1687 4227 1709 4288 ⁶.
1756 4227 1879 4291 Exstat

477 4334 589 4388 autem
621 4325 700 4387 mihi
730 4324 890 4389 latissima
920 4324 999 4388 alibi
1029 4326 1210 4407 disputatio
1243 4330 1276 4390 in
1307 4334 1484 4415 proposita,
1511 4335 1538 4397 si
1568 4336 1652 4398 alius
1682 4357 1742 4417 pro
1772 4338 1879 4402 alieno

576 4557 584 4586 ¹
601 4557 619 4605 l.
631 4571 654 4619 9.
666 4555 698 4604 ad
710 4555 765 4604 exh.
778 4555 822 4616 (D.
837 4555 924 4617 104).
1054 4554 1064 4581 ²
1081 4554 1132 4605 Sin·
1141 4555 1184 4606 lib.
1199 4571 1268 4618 15.c.
1283 4573 1304 4608 2.
1434 4565 1445 4590 ³
1463 4563 1587 4614 Herodot.
1599 4565 1644 4615 lib.
1657 4581 1679 4628 5.
1692 4583 1711 4615 c.
1727 4581 1781 4630 105.

543 4639 553 4668 ⁴
568 4639 644 4689 Cont.
655 4637 673 4686 1.
690 4650 725 4686 rr.
737 4636 769 4685 de
781 4651 818 4700 pe.
830 4634 868 4686 he.
881 4635 926 4698 (D.
939 4649 962 4698 5.
976 4644 1010 4697 3).
1141 4637 1151 4666 ⁵
1170 4639 1250 4688 Arria
1263 4639 1305 4689 lib.
1319 4656 1341 4703 3.
1440 4643 1450 4672 ⁶
1465 4645 1536 4696 Cart,
1547 4645 1593 4695 lib.
1607 4657 1627 4709 7.
1640 4663 1660 4697 c.
1675 4661 1704 4709 55
1722 4648 1805 4700 Suida.

1093 4771 1221 4780 -—-—-..
