4522 5570
487 783 547 826 100
968 775 1171 830 ALBERICI
1198 776 1399 829 GENTILIS

483 1014 658 1078 iudicium:
689 1018 744 1098 qui
768 1018 832 1080 duo
859 1017 1001 1081 historici
1025 1019 1142 1081 ducem
1170 1018 1262 1081 illum
1288 1019 1535 1102 reprehendunt,
1558 1021 1645 1101 quod
1672 1028 1820 1082 moturus
1847 1019 1880 1081 in

485 1127 654 1190 Romanos
676 1127 809 1206 bellum,
833 1149 898 1191 non
921 1151 941 1191 a
965 1131 1141 1211 repetenda
1164 1129 1324 1208 Sardinia,
1347 1153 1432 1213 quae
1453 1131 1565 1194 ablata
1588 1131 1655 1194 suis
1677 1151 1737 1212 per
1758 1131 1880 1194 occasi-

481 1259 578 1300 onem
607 1238 682 1300 belli
705 1241 985 1319 mercenariorum,
1002 1251 1176 1320 statueret,
1199 1244 1322 1306 diceret
1348 1263 1480 1307 causam
1507 1243 1593 1320 belli,
1621 1243 1679 1306 sed
1707 1244 1820 1305 inanes
1845 1250 1878 1305 et

482 1351 607 1410 ratione
627 1360 775 1414 carentes
793 1351 875 1415 alias
892 1352 1107 1435 Saguntinas:
1131 1355 1220 1417 unde
1237 1355 1297 1416 sibi
1318 1355 1513 1437 principium
1533 1364 1719 1418 nasceretur
1736 1354 1878 1417 Romani

480 1459 556 1521 belli
568 1459 588 1521 ¹.
635 1461 732 1539 Nam,
749 1471 786 1525 ut
804 1472 927 1544 putem,
944 1485 1010 1527 non
1029 1486 1122 1528 ueras
1141 1465 1240 1528 luisse
1258 1486 1398 1542 caussas,
1414 1466 1532 1547 quibus
1551 1467 1583 1528 in
1603 1465 1727 1528 bellum
1748 1464 1872 1546 Sagun·

480 1572 587 1634 tinum
603 1575 726 1636 moueri
747 1595 790 1652 se,
807 1574 957 1638 Annibal
972 1577 1150 1640 afferebat:
1174 1587 1209 1640 at
1233 1577 1305 1640 illas
1327 1577 1426 1640 fuisse
1442 1598 1543 1652 ueras,
1561 1577 1717 1658 puduisse
1741 1575 1879 1641 Cartha·

478 1684 639 1764 ginenseS,
657 1685 800 1748 nobilem
824 1686 992 1768 populum,
1014 1688 1162 1751 ablatum
1187 1709 1285 1766 mare,
1306 1699 1416 1771 raptas
1439 1687 1569 1764 insulas,
1587 1688 1715 1751 adiecta
1737 1689 1797 1750 sibi
1822 1689 1879 1751 tri·

480 1795 579 1858 buta:
603 1797 692 1877 quod
717 1806 828 1859 tamen
852 1808 1053 1862 transactum
1077 1801 1119 1863 de
1142 1798 1192 1862 his
1216 1809 1293 1878 erat,
1310 1801 1419 1862 induci
1440 1801 1547 1882 potuit
1566 1808 1681 1881 postea
1699 1801 1742 1862 de
1760 1799 1876 1862 iisdem

479 1907 586 1969 minus
609 1917 704 1980 recte,
725 1917 759 1970 et
776 1909 936 1990 disputari
945 1907 965 1972 ².
1012 1909 1158 1973 Siciliam
1182 1911 1278 1973 nimis
1301 1910 1396 1974 celeri
1420 1911 1648 1996 desperatione
1671 1929 1776 1972 rerum
1801 1929 1878 1972 con·

479 2038 626 2096 cessam;
650 2028 683 2082 et
707 2019 892 2083 Sardiniam
916 2021 1000 2082 inter
1023 2032 1150 2083 motum
1171 2021 1305 2085 Africae
1326 2021 1440 2084 fraude
1461 2020 1695 2096 Romanorum,
1712 2020 1877 2102 stipendio

478 2131 577 2192 etiam
594 2131 856 2212 superimposito,
872 2131 1087 2212 interceptam
1103 2157 1109 2208 ;
1134 2153 1248 2195 uerum
1268 2133 1320 2196 sit.
1350 2132 1403 2194 hic
1419 2141 1531 2194 tamen
1549 2132 1654 2194 nodus
1670 2140 1728 2208 est,
1744 2131 1771 2192 si
1787 2129 1876 2210 quod

479 2260 538 2321 per
558 2261 652 2303 suam
672 2242 935 2322 desperationem
960 2241 1044 2305 male
1067 2244 1099 2304 in
1123 2243 1267 2306 finiendo
1290 2242 1377 2305 bello
1392 2243 1546 2320 fecerunt,
1564 2243 1595 2305 id
1613 2250 1687 2323 post
1704 2250 1878 2305 retractare

479 2351 754 2434 Carthaginenses
787 2354 871 2415 iuste
897 2354 1072 2434 potuerint.
1105 2363 1138 2416 et
1168 2364 1255 2418 certe
1285 2374 1350 2417 non
1374 2363 1561 2435 potuerunt.
1606 2353 1677 2415 Nec
1704 2353 1791 2416 enim
1817 2351 1878 2413 ista

478 2465 631 2527 dicuntur
654 2465 685 2525 in
710 2465 812 2540 bellis,
835 2465 1112 2546 disputationibus
1135 2465 1295 2528 uiolentia
1352 2462 1420 2527 Sed
1444 2473 1476 2527 et
1499 2464 1572 2546 quis
1595 2463 1748 2526 rescindit
1770 2470 1876 2524 trans-

477 2579 641 2640 actionem
665 2577 731 2640 litis
753 2577 865 2654 ciuilis,
888 2587 1063 2658 praetextu
1087 2576 1168 2640 hoc:
1196 2578 1285 2658 quod
1309 2577 1352 2639 ad
1376 2596 1449 2638 eam
1472 2576 1677 2638 descenderit
1700 2575 1784 2656 quia,
1802 2573 1875 2635 aliis

477 2697 548 2750 tum
572 2688 684 2751 litibus
706 2699 893 2770 occupatus,
909 2696 942 2750 et
964 2688 1035 2750 aliis
1054 2689 1216 2750 distentus
1240 2687 1388 2768 negotiis,
1404 2707 1575 2769 superesse
1593 2687 1621 2749 ei
1641 2696 1808 2768 praeterea
1825 2683 1873 2747 liti

477 2797 676 2881 nequiisset?
723 2800 798 2863 Hoc
819 2808 1010 2881 praetexere
1033 2798 1309 2880 Carthaginenses
1329 2798 1474 2862 habuere
1496 2819 1555 2880 pro
1577 2797 1737 2862 Sardinia
1783 2796 1872 2858 Nam

476 2911 503 2972 si
524 2909 610 2972 fraus
629 2919 805 2992 praeterea,
828 2920 861 2973 et
885 2910 1021 2991 perfidia
1044 2911 1154 2990 aliqua
1178 2910 1403 2973 Romanorum
1428 2910 1617 2985 intercessit,
1641 2905 1697 2993 (de
1719 2929 1785 2990 quo
1808 2908 1874 2971 dis·

477 3029 558 3102 puto
583 3021 615 3083 in
646 3021 736 3083 libris
760 3022 802 3083 de
826 3022 925 3083 armis
950 3018 1123 3106 Romanis)
1148 3020 1298 3083 concludi
1330 3041 1387 3102 pro
1415 3017 1728 3101 Carthaginensibus
1754 3028 1873 3100 posset.

475 3140 509 3194 et
525 3140 637 3196 tamen
658 3152 708 3195 res
729 3130 825 3194 suerit
846 3151 975 3213 semper
996 3132 1190 3212 impeditior.
1235 3131 1270 3192 A
1294 3129 1445 3212 Sagunto
1467 3132 1586 3195 rectius
1608 3131 1743 3193 omnino
1766 3128 1874 3191 Anni-

475 3242 530 3304 bal
564 3243 628 3323 qui,
654 3263 713 3306 nec
747 3243 871 3304 moueri
904 3262 924 3304 a
955 3263 990 3304 se
1021 3242 1053 3303 in
1086 3241 1255 3304 Romanos
1285 3242 1409 3304 bellurn
1440 3242 1570 3318 dixerit,
1593 3242 1653 3304 etsi
1686 3240 1871 3321 Saguntum

475 3361 689 3435 oppugnaret.
744 3352 903 3435 Quaestio
926 3362 977 3415 est
999 3350 1130 3429 scilicet,
1152 3353 1178 3413 si
1204 3352 1429 3433 comprehensi
1453 3352 1586 3415 loedere
1608 3371 1683 3415 cum
1710 3350 1872 3414 Romanis

474 3462 649 3545 Saguntini
682 3473 812 3542 essent;
858 3475 899 3540 et,
934 3463 1161 3545 comprehensi
1195 3464 1270 3527 licet
1306 3473 1424 3542 essent,
1456 3465 1545 3545 quod
1576 3472 1688 3528 tamen
1721 3462 1872 3526 hostibus

473 3574 651 3638 Annibalis
681 3576 835 3653 subsidi0,
866 3585 900 3638 et
926 3575 1074 3656 perfugio
1104 3574 1232 3652 luerint,
1260 3595 1316 3637 eos
1346 3573 1494 3637 Annibal
1520 3575 1736 3658 oppugnabat
1763 3575 1871 3637 iustis-

473 3687 563 3749 sime.
611 3687 708 3768 Ipsos
736 3688 835 3750 etiam
868 3687 1047 3764 Romanos
1074 3687 1269 3769 quibuscum
1300 3708 1359 3769 per
1390 3695 1441 3750 tot
1471 3687 1603 3750 foedera
1633 3688 1762 3750 iunctus
1792 3694 1872 3763 erat,

473 3807 698 3879 oppugnasset
736 3808 823 3861 recte
856 3797 883 3860 si
920 3797 1063 3861 Romani
1099 3798 1144 3861 sic
1181 3799 1410 3860 subuenissent
1446 3796 1597 3860 hostibus
1632 3796 1870 3878 Carthaginen-

473 3910 566 3988 sium,
603 3909 885 3992 quemadmodum
918 3908 1092 3990 Saguntini
1124 3909 1369 3984 subuencrunt;
1408 3917 1441 3971 et
1472 3929 1517 3970 ex
1544 3907 1666 3972 recenti
1698 3903 1749 3993 (ut
1784 3927 1872 3970 nunc

473 4017 672 4106 quaerimus)
698 4040 796 4084 causa
822 4019 994 4083 intulisset.
1041 4019 1139 4082 Hanc
1164 4029 1328 4082 recentem
1357 4039 1490 4082 causam
1521 4019 1689 4100 quaesiere
1717 4017 1870 4094 Romani,

472 4132 596 4195 bellum
627 4133 842 4214 suscipientes
872 4141 985 4196 contra
1017 4131 1205 4213 Philippum
1236 4151 1347 4213 regem
1378 4130 1606 4194 Macedoniae.
1644 4149 1752 4210 neque
1782 4129 1870 4191 enim

471 4245 594 4326 priores
625 4245 668 4308 ab
703 4265 743 4308 eo
774 4253 927 4325 acceptas
959 4243 1100 4318 iniurias
1129 4243 1189 4305 sed
1224 4252 1433 4323 praesentem
1464 4241 1623 4305 Graeciae
1655 4249 1782 4303 statum
1810 4239 1871 4302 ob·

471 4357 620 4432 tendunt,
637 4359 731 4417 ‘eam
753 4374 902 4417 caussam
926 4360 1167 4433 praetexentes
1183 4353 1271 4432 quod
1297 4351 1469 4416 Graeciam
1493 4352 1666 4434 Philippus
1687 4350 1869 4422 inuasisset,

570 4647 578 4675 ¹
595 4647 682 4710 Polyb.
696 4647 736 4694 lih.
750 4661 771 4707 3.
784 4662 819 4695 ce
833 4647 856 4700 8,
871 4657 915 4706 13;
933 4643 988 4691 Liu.
1003 4656 1040 4690 21.
1053 4657 1074 4691 c.
1087 4654 1110 4703 5.
1299 4643 1308 4671 ²
1326 4644 1392 4694 Flor.
1406 4644 1448 4693 lib.
1464 4659 1485 4694 a.
1498 4661 1518 4694 c.
1531 4643 1560 4701 6;
1579 4643 1634 4692 Liu.
1648 4655 1685 4692 21.
1698 4657 1719 4692 c.
1735 4641 1772 4691 18.
