4498 5566
448 637 487 698 16
933 642 1134 697 ALBERICI
1161 643 1361 696 GENTILIS

445 891 693 969 controuersias,
708 910 784 953 eum
800 892 933 953 easdem
950 889 1041 954 finire
1056 897 1155 954 antea
1174 910 1240 953 non
1259 889 1430 971 potuisset,
1446 889 1579 970 quando
1594 907 1654 952 nec
1671 899 1750 952 erat.
1798 889 1848 954 Ut

445 1003 492 1066 sic
522 1002 555 1065 in
581 1001 717 1064 historia
743 1002 912 1082 disputant
939 1001 1120 1084 Philippici.
1178 1000 1355 1065 Caeterum
1383 999 1538 1063 ridicule:
1555 1010 1610 1063 .ut
1637 1002 1738 1064 modo
1765 1001 1847 1064 dixi.

446 1113 493 1177 Et
516 1133 655 1195 magnus
678 1113 862 1195 Imperator
883 1113 1067 1178 Fridericus
1090 1134 1155 1177 non
1180 1115 1213 1176 in
1237 1113 1361 1177 caussis
1382 1113 1519 1194 priuatis
1543 1112 1652 1189 modo,
1675 1113 1733 1176 sed
1757 1122 1791 1176 et
1814 1114 1847 1176 in

445 1223 585 1306 publicis
607 1224 684 1287 iuris
707 1225 796 1306 regni
820 1245 898 1287 usus
920 1225 1071 1302 consiliis,
1095 1234 1128 1288 et
1151 1225 1332 1288 sententias
1355 1233 1487 1288 secutus
1509 1222 1638 1286 illorum
1662 1233 1847 1287 nostrorum

423 1323 424 1326 ¹
447 1345 506 1412 est,
526 1335 668 1418 Bulgari,
687 1335 830 1412 Martini,
850 1334 971 1415 Iacobi‚
992 1335 1153 1418 Hugonis‚
1169 1335 1307 1399 aliorum
1329 1333 1635 1398 Iurisconsultorum
1647 1331 1668 1394 ¹.
1715 1333 1848 1399 Scilicet

448 1447 672 1511 Iurisconsulti
689 1467 748 1510 nec
764 1445 1006 1510 concluduntur
1020 1446 1110 1511 libris
1128 1447 1307 1511 Iustiniani.
1348 1456 1383 1509 ut
1399 1466 1459 1510 nec
1474 1445 1564 1508 libris
1582 1444 1698 1509 Galeni
1717 1446 1848 1524 Medici,

447 1579 507 1622 nec
530 1558 620 1621 libris
642 1557 834 1622 Aristotelis
862 1556 1061 1640 Philosophi,
1086 1578 1146 1621 nec
1173 1555 1245 1621 aliis
1271 1555 1346 1620 ullis
1371 1557 1435 1628 alii,
1458 1576 1568 1619 sacros
1594 1556 1621 1619 si
1648 1557 1782 1638 excipis,
1805 1559 1848 1620 ad

446 1690 529 1752 quos
544 1668 707 1750 Theologi
726 1668 974 1732 concluduntur.
1020 1679 1121 1750 atque
1140 1677 1189 1732 est
1208 1669 1336 1750 priuata
1352 1669 1444 1746 rati0,
1462 1668 1538 1749 quia
1552 1666 1705 1731 uoluntas
1725 1667 1788 1730 Dei
1805 1669 1848 1731 ab

447 1781 498 1844 his
521 1781 695 1862 quaeritur,
711 1800 811 1861 quam
836 1781 896 1842 nisi
919 1780 962 1845 ab
986 1801 1043 1843 ore
1066 1781 1130 1842 Dei
1154 1800 1219 1843 non
1239 1779 1435 1860 quaerimus.
1483 1780 1538 1842 Ius
1562 1780 1671 1857 etiam,
1690 1779 1752 1843 illis
1775 1800 1848 1862 per-

446 1893 606 1974 scriptum
636 1891 727 1955 libris
759 1891 939 1969 Iustiniani,
967 1912 1031 1955 non
1058 1892 1200 1955 ciuitatis
1231 1902 1280 1954 est
1312 1900 1450 1969 tantum,
1477 1891 1536 1954 sed
1567 1901 1599 1954 et
1629 1892 1787 1973 gentium,
1816 1900 1850 1954 et

410 2047 417 2056 ·
447 2015 583 2069 naturae
593 2003 614 2069 ².
653 2013 686 2068 et
701 2013 853 2086 aptatum
871 2004 916 2071 sic
933 2013 983 2066 est
998 2005 1041 2067 ad
1058 2013 1207 2066 naturam
1224 2003 1420 2081 uniuersum,
1436 2012 1472 2066 ut
1488 2003 1625 2084 imperio
1641 2003 1799 2080 extincto,
1816 2012 1849 2066 et

448 2119 556 2200 ipsum
580 2117 629 2179 ius
649 2116 704 2179 diu
728 2115 894 2198 sepultum
917 2115 1094 2178 surrexerit
1117 2125 1239 2193 tamen,
1257 2124 1292 2178 et
1315 2115 1346 2177 in
1371 2135 1485 2178 omnes
1508 2136 1543 2178 se
1565 2115 1715 2178 effuderit
1734 2125 1849 2196 gentes

448 2229 618 2292 humanas
664 2227 754 2309 Ergo
777 2237 811 2296 et
834 2227 1037 2309 Principibus
1057 2237 1142 2290 stat:
1167 2227 1227 2291 etsi
1251 2237 1301 2290 est
1325 2228 1460 2308 priuatis
1484 2227 1654 2290 conditum
1673 2247 1693 2289 a
1715 2227 1848 2290 Iustini-

448 2361 522 2405 ano.
569 2340 612 2402 Et
632 2348 698 2402 stat
722 2359 801 2402 sane
819 2357 879 2400 nec
897 2339 1048 2401 auditum
1073 2337 1151 2400 mihi
1172 2347 1230 2414 est,
1250 2337 1414 2400 lectumue
1433 2358 1600 2420 umquam,
1617 2338 1706 2420 quod
1726 2339 1848 2421 egregii

448 2451 494 2514 illi
518 2471 615 2533 supra
634 2449 770 2532 uulgum
793 2450 891 2532 positi
911 2452 1055 2514 tradunt.
1101 2450 1201 2518 Forte
1219 2471 1261 2513 an
1281 2450 1378 2512 desiit
1397 2471 1467 2512 esse
1485 2449 1644 2532 gentium,
1661 2459 1695 2513 et
1714 2460 1850 2514 naturae

449 2562 508 2640 ius,
529 2563 606 2643 quia
629 2562 819 2643 expositum
842 2572 891 2625 est
914 2561 1061 2626 ciuitati?
1107 2562 1174 2626 Sed
1198 2572 1234 2625 ut
1256 2564 1345 2646 quod
1370 2563 1465 2625 ciuile
1488 2571 1546 2641 est,
1570 2582 1634 2626 non
1660 2563 1748 2626 idern
1772 2584 1849 2627 con·

449 2676 542 2738 tinuo
565 2682 615 2737 est
636 2673 805 2756 gentium:
836 2673 925 2753 quod
949 2681 1062 2735 tamen
1084 2672 1232 2754 gentium
1257 2682 1315 2751 est,
1338 2673 1426 2736 idem
1450 2682 1483 2736 et
1506 2673 1601 2737 ciuile
1624 2695 1695 2738 esse
1717 2673 1849 2739 debat

451 2785 514 2849 Est
529 2784 663 2867 quidem
682 2783 731 2846 ius
750 2782 853 2862 ciuile,
869 2784 957 2865 quod
977 2803 1042 2845 non
1062 2783 1162 2846 seruit
1180 2783 1329 2862 naturali,
1345 2793 1377 2847 et
1395 2785 1544 2865 gentium
1563 2786 1622 2848 iuri
1641 2806 1699 2868 per
1718 2786 1849 2852 omnia:

450 2905 485 2960 at
503 2917 610 2978 neque
628 2895 661 2959 in
680 2903 787 2959 totum
804 2915 824 2957 a
840 2893 981 2958 naturali
997 2894 1129 2969 recedit,
1147 2894 1198 2957 uel
1214 2894 1363 2976 gentium
1375 2893 1397 2958 ⁴.
1443 2895 1488 2959 Et
1503 2916 1560 2959 cur
1574 2916 1639 2960 non
1655 2899 1776 2961 seruiat
1792 2919 1851 2980 per

450 3010 570 3088 omnia,
589 3018 646 3072 aut
669 3007 752 3070 ratio
775 3007 960 3094 communis
983 3007 1130 3070 omnium
1154 3007 1325 3070 ciuitatum
1350 3006 1436 3082 lacit,
1453 3017 1511 3070 aut
1532 3008 1704 3090 singularis
1723 3009 1850 3091 aliqua·

451 3143 533 3187 rum.
579 3119 628 3186 Ut
654 3121 743 3204 quod
775 3119 884 3183 ciuilia
915 3120 985 3182 iura
1010 3139 1076 3182 non
1106 3140 1205 3182 omne
1231 3129 1412 3202 agnoscant
1443 3131 1577 3202 pactum
1603 3123 1645 3185 ad
1675 3123 1849 3197 actionem,

450 3253 525 3297 cum
548 3231 696 3313 gentium
720 3231 770 3293 ius
793 3230 1011 3293 differentiam
1036 3241 1207 3312 pactorum
1232 3231 1355 3295 nullam
1383 3233 1570 3311 constituat,
1591 3233 1624 3296 id
1648 3234 1694 3309 fit,
1714 3254 1756 3296 ne
1778 3255 1851 3318 per-

450 3345 541 3427 petui
560 3345 715 3426 strepitus
730 3343 790 3406 sori
809 3344 953 3425 quietem
972 3344 1113 3407 ciuitatis
1131 3344 1300 3407 turbarent
1310 3344 1333 3406 ⁶.
1364 3365 1429 3426 qua
1446 3345 1524 3408 mihi
1540 3346 1583 3408 de
1599 3365 1632 3408 re
1649 3345 1851 3428 explicatum

451 3455 485 3517 in
511 3455 618 3537 primo
645 3453 728 3517 libro
753 3463 803 3518 est
831 3455 1103 3536 Disputationum
1124 3456 1167 3518 de
1190 3456 1322 3537 nuptiis.
1369 3455 1481 3519 Suasit
1508 3459 1591 3520 ratio
1617 3459 1851 3520 seruandarum

451 3566 647 3630 familiarum
664 3565 853 3628 ciuitatibus
869 3565 992 3640 multiS,
1010 3567 1153 3647 potiores
1168 3565 1319 3628 foeminis
1333 3565 1445 3630 haberi
1466 3569 1612 3632 mares⁶z
1637 3569 1749 3633 Suasit
1768 3571 1852 3634 ratio

451 3698 588 3742 onerum
611 3687 644 3741 et
668 3677 813 3753 militiae,
838 3687 870 3740 et
894 3678 1006 3740 domi:
1037 3678 1139 3742 suasit
1162 3677 1227 3740 alia
1249 3679 1332 3742 ratio
1355 3679 1543 3743 ciuitatibus
1566 3681 1659 3744 aliis:
1685 3689 1718 3744 et
1740 3681 1852 3763 itaque

451 3789 501 3851 ius
524 3787 620 3852 ciuile
643 3798 801 3870 cognatos
825 3809 891 3852 non
912 3789 1046 3852 curabat
1072 3788 1210 3867 Romae,
1229 3810 1294 3853 non
1318 3789 1401 3854 filias
1422 3790 1529 3872 ipsas:
1552 3792 1641 3873 quod
1666 3791 1850 3854 maximum

451 3905 572 3986 alioqui
597 3902 714 3967 uitium
740 3912 853 3967 contra
879 3904 1060 3967 naturalem
1087 3905 1230 3968 creditur
1254 3905 1467 3986 aequitatem.
1514 3903 1559 3966 Et
1583 3923 1683 3985 quam
1711 3903 1852 3986 plurima

452 4015 612 4078 eiusmodi
635 4024 720 4079 sunt.
767 4012 943 4079 Caeterum
967 4017 992 4078 si
1012 4017 1092 4097 quid
1111 4017 1272 4080 eiusmodi
1296 4017 1463 4098 proprium
1487 4016 1630 4079 ciuitatis
1653 4038 1719 4080 non
1742 4027 1853 4081 osten·

451 4127 548 4205 ditur,
571 4125 651 4189 illud
682 4129 724 4190 de
754 4127 805 4190 his
836 4126 951 4190 tollere
981 4127 1184 4208 publicarum
1216 4147 1322 4190 rerum
1353 4126 1647 4208 disceptationibus
1677 4128 1851 4210 plusquam

451 4236 624 4300 ridiculum
651 4236 757 4312 fuerit,
781 4237 956 4319 plusquam
984 4237 1141 4318 ineptum.
1187 4235 1301 4318 Quid?
1356 4239 1433 4302 Non
1461 4248 1540 4320 apta
1567 4239 1770 4322 Principibus
1796 4241 1853 4304 illa

549 4426 558 4454 ¹
574 4426 659 4490 Sigon.
674 4441 711 4475 ra.
723 4425 754 4474 de
767 4425 828 4487 Reg.
841 4424 897 4474 Ital.
910 4441 935 4489 p.
949 4435 1004 4486 740.
1235 4425 1244 4453 ²
1262 4427 1323 4476 lust.
1339 4441 1359 4477 1.
1376 4443 1404 4487 2;
1422 4429 1488 4478 Don.
1504 4443 1524 4478 1.
1537 4445 1628 4480 comm.
1640 4431 1685 4480 iur.
1697 4448 1718 4482 c.
1731 4431 1754 4481 6.

583 4511 592 4539 ³
609 4509 664 4560 Cic.
678 4524 699 4570 3.
712 4508 743 4556 de
755 4505 803 4556 Off.
815 4522 836 4556 c.
851 4515 898 4569 17;
915 4506 944 4555 L.
957 4507 1031 4555 Rom.
1044 4507 1129 4557 consil.
1143 4521 1199 4572 5²3·
1295 4511 1304 4539 ⁸
1320 4510 1336 4560 l.
1349 4509 1372 4559 6.
1384 4511 1415 4561 de
1425 4513 1482 4563 iust.
1496 4519 1520 4562 et
1533 4514 1577 4562 iur.
1591 4515 1637 4576 (D.
1653 4529 1672 4563 r.
1687 4517 1722 4578 1).

484 4593 494 4621 ⁵
511 4593 589 4642 Duar.
601 4592 626 4640 in
640 4592 677 4641 tit.
689 4591 720 4640 de
732 4597 796 4655 pact.
808 4605 832 4653 p.
846 4604 884 4653 43.
897 4605 920 4638 a.
1016 4587 1025 4616 ⁶
1042 4588 1059 4638 l.
1075 4604 1096 4640 2.
1110 4591 1168 4641 und.
1183 4607 1238 4656 cog.
1251 4593 1295 4655 (D.
1309 4595 1347 4656 38.
1361 4595 1404 4657 8);
1422 4595 1439 4646 l.
1453 4612 1475 4658 4.
1490 4596 1518 4644 C.
1531 4597 1561 4646 de
1573 4597 1616 4646 lib.
1629 4603 1705 4663 praet.
1719 4596 1753 4660 (6.
1768 4598 1819 4658 28).
