4498 5566
890 732 1298 799 PRAEFATIO.

912 1093 943 1156 T
934 1093 1140 1175 ypograplcus
1162 1093 1277 1156 lectori.

432 1258 507 1323 Has
521 1259 605 1324 duas
618 1261 658 1325 de
672 1263 751 1326 Iure
765 1264 851 1328 Belli
865 1265 1149 1342 commentationes,
1167 1264 1263 1328 tertia
1283 1265 1375 1328 breui
1394 1264 1601 1328 subsecuturo
1618 1273 1673 1337 est,
1690 1284 1788 1344 quam

385 1364 562 1444 separatim
584 1364 675 1430 edere
690 1388 852 1446 amamus,
867 1378 971 1450 utpote
992 1368 1157 1431 diuersam
1173 1389 1193 1429 a
1209 1367 1327 1430 bellicis
1348 1367 1532 1446 actionibus,
1546 1366 1587 1429 de
1601 1378 1680 1449 paee
1700 1368 1788 1430 enim

386 1486 425 1528 ac
437 1465 627 1546 foederibus
651 1479 706 1548 est,
728 1481 767 1534 ut
784 1471 849 1553 ipse
874 1472 914 1536 ab
940 1494 993 1535 ore
1015 1472 1158 1538 auctoris
1181 1470 1301 1552 excepi:
1330 1471 1423 1536 cuins
1444 1472 1498 1535 uel
1516 1471 1789 1552 delegationibus

386 1568 486 1633 libros
514 1571 617 1636 denuo
644 1574 840 1639 accendendos
869 1575 1077 1656 decreuimus,
1106 1575 1166 1640 sed
1192 1575 1292 1638 rrctclto
1321 1597 1419 1659 quom
1449 1586 1544 1640 anteo
1573 1575 1731 1639 auctiores
1758 1587 1792 1640 et

384 1673 541 1740 cultiores.
585 1677 639 1739 Et
657 1681 922 1744 commentarium
945 1679 993 1744 od
1012 1681 1143 1744 titulum
1158 1680 1368 1762 Digestorum
1391 1680 1430 1744 de
1450 1679 1626 1745 Ucrborum
1652 1679 1791 1764 Signifi-

384 1775 515 1840 catione.
544 1788 639 1862 atque
659 1781 718 1844 din
737 1793 931 1865 expectatum
954 1783 993 1847 de
1015 1783 1259 1850 condicionibus
1280 1793 1366 1865 opus.
1411 1784 1551 1848 Interim
1571 1783 1672 1848 amice
1694 1784 1789 1848 lector

385 1877 438 1942 locs
444 1880 572 1960 fruere,
587 1894 621 1946 et
638 1885 728 1950 Uale.

436 2097 539 2171 Ante
558 2098 667 2172 finem
695 2102 781 2173 anni
801 2124 1000 2173 MDLxxxlx
1024 2101 1072 2173 ab
1097 2100 1229 2174 eodem
1259 2099 1427 2173 Iohanne
1445 2099 1583 2174 Wolfio
1602 2126 1786 2174 commen-

384 2230 478 2304 tatio
497 2232 606 2305 tertia
627 2233 786 2307 Londini
805 2233 905 2308 edita
923 2250 981 2308 est
993 2241 1016 2305 ¹.

439 2372 650 2472 Unicuique
687 2377 991 2451 commentationi
1028 2375 1192 2473 praefixa
1232 2392 1290 2450 est
1325 2376 1639 2473 praefatiuncula;
1683 2380 1786 2452 cuius

384 2523 553 2582 tenorem
571 2534 710 2606 operae
728 2511 887 2614 pretium
908 2511 1067 2585 fortasse
1087 2527 1144 2584 est
1162 2511 1221 2583 hic
1239 2527 1418 2607 repetere.

434 2650 498 2722 Ad
516 2653 867 2727 commentationem
887 2654 1043 2750 primam
1062 2653 1220 2752 legimus
1234 2683 1295 2727 ε·-

828 2853 946 2926 ROB.
983 2852 1329 2928 DEUORAXIO

824 3035 1098 3101 111m⁰COM1T1
1127 3037 1343 3104 ESSEXIO.

880 3207 1032 3268 Albericus
1055 3173 1188 3282 Gentilis,
1211 3208 1239 3267 S.
1254 3209 1285 3268 P.

426 3385 577 3467 Cogitaui
600 3383 745 3467 equidem
764 3385 898 3467 pluries,
922 3385 1142 3449 illustrissime
1165 3385 1292 3460 Esseni,
1322 3383 1474 3465 quomodo
1497 3405 1568 3448 canc
1597 3405 1678 3466 quae
1701 3407 1781 3470 erga

379 3499 408 3554 te
433 3500 481 3552 est
505 3489 615 3553 animi
637 3490 702 3553 mei
713 3489 890 3571 propensio,
914 3509 976 3551 non
1003 3488 1102 3551 nudis
1123 3488 1238 3564 uerbis,
1261 3487 1321 3551 sed
1332 3488 1427 3569 facto
1450 3489 1559 3570 altono
1580 3499 1780 3574 contestarer.

384 3593 506 3658 Uerum
514 3603 648 3676 praeter
660 3594 729 3658 olio
748 3593 974 3676 impedimenta
993 3592 1105 3656 obiecit
1122 3612 1155 3655 se
1176 3603 1299 3674 semper
1315 3613 1439 3671 mcenus,
1455 3592 1541 3674 quod
1559 3593 1593 3656 in
1615 3595 1780 3660 academia

370 3717 461 3779 gero,
475 3696 617 3780 qnodque
638 3719 700 3761 non
719 3699 753 3761 in
773 3697 826 3760 ln's
844 3697 963 3761 litteris
984 3707 1146 3773 uersatur,
1162 3718 1303 3779 quarum
1321 3717 1375 3778 ego
1398 3696 1518 3760 doctum
1543 3696 1605 3760 tibi
1619 3698 1781 3762 adornare

376 3799 569 3866 destiteram.
588 3800 762 3867 Cunctatus
771 3801 878 3883 itaque
888 3823 981 3877 sum,·
995 3823 1092 3884 neque
1101 3800 1199 3864 estam
1209 3800 1300 3864 modo
1308 3802 1601 3864 commentationem
1610 3801 1779 3883 deferrem,

375 3924 456 3985 qnae
477 3902 573 3966 babet
591 3925 668 3967 sone
688 3914 925 3986 argmmntum,
948 3903 1035 3985 quod
1053 3903 1153 3985 cupio,
1176 3903 1235 3966 sed
1254 3925 1326 3967 cnm
1350 3903 1454 3966 iustae
1476 3904 1680 3968 tractationis
1702 3917 1779 3987 opus

377 4007 573 4082 uraluissem‚
589 4008 835 4089 comitatumque
848 4006 974 4070 duabus
989 4005 1130 4089 reliquis,
1145 4027 1272 4069 moram
1287 4005 1393 4068 adbuc
1407 4006 1578 4070 trouessem
1593 4007 1777 4088 longiorem,

375 4109 445 4174 nisi
455 4108 613 4191 crederem
630 4110 758 4174 tarcdcm
773 4110 888 4187 satius,
905 4119 943 4173 ut
955 4110 1168 4193 praemittam
1188 4109 1233 4184 id,
1248 4109 1403 4191 quicquid
1418 4120 1473 4186 est,
1490 4131 1587 4192 quom
1603 4121 1642 4173 ut
1653 4111 1779 4176 diutius

376 4213 465 4278 nillil
483 4214 604 4296 agendo
632 4215 848 4283 commodiora
878 4214 964 4280 anelii
992 4225 1141 4297 tempora,
1164 4213 1258 4294 forte
1287 4236 1330 4278 an
1351 4213 1499 4294 frustra,
1528 4224 1689 4296 expectem.
1735 4217 1780 4280 Si

376 4399 532 4408 n—--—.—-

417 4518 427 4550 ¹
447 4517 548 4576 Refert
558 4516 708 4595 Benignus
719 4519 1001 4578 commentationum
1011 4517 1095 4576 trium
1108 4516 1267 4578 editionem
1277 4516 1777 4577 formaoctonasiaannounnxxxtx

374 4614 513 4693 Lugduni
528 4635 666 4676 excusam
681 4636 753 4690 esse,
770 4635 858 4696 quam
875 4618 994 4697 quidem
1009 4636 1070 4678 non
1084 4618 1152 4676 uidi.

1501 4779 1505 4786 .

376 4791 565 4802 unm—.-
574 4796 771 4804 -...·..-......-..
777 4798 813 4804 ...Α
820 4797 906 4804 ..-.,...-
913 4790 1780 4805 -..numm-nm
