4522 5570
388 665 722 678 —n———n--

725 771 785 824 DE
814 769 918 824 JURE
947 771 1082 842 BELLI‚
1110 771 1237 840 LlB.I‚
1269 769 1357 826 CAP.
1380 770 1449 825 XX.
1741 782 1779 842 91

386 1014 482 1076 nimis
509 1021 622 1077 contra
648 1013 890 1094 grammaticos.
948 1012 1015 1077 Sed
1043 1033 1108 1075 non
1140 1011 1244 1075 multa
1271 1021 1382 1075 tamen
1413 1021 1527 1076 contra
1558 1013 1784 1078 Modestinum

385 1125 658 1202 iurisconsultum,
682 1125 738 1206 qui
763 1125 878 1188 itidem
904 1145 978 1187 cum
1002 1124 1224 1206 grammaticis
1247 1123 1290 1186 ad
1314 1124 1492 1206 septimum
1518 1126 1658 1208 Uirgilii,
1682 1127 1785 1189 ‘Belli

385 1243 523 1302 ‘caussa
545 1237 606 1302 suit
629 1237 772 1301 uiolatus
794 1238 930 1300 uulnere
952 1233 1087 1300 ceruus'
1132 1237 1210 1299 Non
1234 1236 1315 1300 leuis
1338 1257 1436 1319 porro
1458 1237 1539 1301 haec
1560 1259 1683 1312 caussa,
1701 1259 1787 1301 uxor

386 1370 488 1432 regno
504 1351 629 1414 dotata.
661 1369 782 1431 magna
797 1349 910 1412 Turno
926 1349 1051 1412 amanti
1068 1369 1202 1412 caussa:
1227 1349 1277 1412 cui
1294 1357 1327 1412 et
1343 1349 1441 1412 toties
1457 1351 1537 1413 data
1552 1352 1700 1416 dextera.
1740 1351 1786 1413 Et

385 1460 467 1525 haec
483 1481 604 1544 magna
620 1482 735 1526 caussa
747 1461 892 1539 Aeneae,
909 1461 960 1525 cui
976 1461 1115 1524 Lauinia
1131 1481 1260 1543 sponsa.
1292 1462 1417 1543 Magna
1432 1461 1509 1524 belli
1525 1483 1639 1525 caussa
1657 1461 1786 1526 Helena

387 1584 490 1658 rapta,
514 1584 548 1638 et
574 1574 671 1637 simul
695 1575 855 1638 uiolatum
882 1573 1016 1656 hospitii
1041 1573 1099 1636 ius.
1130 1583 1166 1636 ut
1194 1574 1241 1636 ita
1266 1575 1377 1637 scribit
1405 1574 1545 1638 Strabo:
1580 1585 1613 1638 et
1638 1573 1786 1639 defendit

387 1686 582 1751 Plutarchus
611 1696 727 1750 contra
758 1686 989 1750 Herodotum:
1024 1685 1080 1768 qui
1110 1685 1206 1764 dixit,
1231 1686 1354 1749 bellurn
1386 1696 1577 1770 susceptum
1605 1708 1625 1750 a
1652 1685 1786 1750 Graecis

387 1799 489 1865 stulte
514 1807 649 1882 propter
676 1799 798 1862 malam
826 1798 1017 1861 mulierem:
1050 1819 1136 1880 quae
1163 1799 1276 1880 utique
1303 1819 1363 1862 nec
1390 1810 1485 1881 rapta
1511 1799 1634 1876 fuisset,
1661 1799 1688 1862 si
1715 1799 1786 1881 ipsa

388 1911 457 1993 rapi
480 1908 669 1974 noluisset¹.
716 1909 911 1973 Plutarchus
931 1911 964 1972 ui
985 1919 1114 1992 raptam
1137 1910 1218 1974 uult.
1249 1931 1311 1992 ego
1335 1910 1415 1973 illud
1439 1911 1522 1989 dico,
1541 1911 1692 1974 iniuriam
1717 1912 1787 1974 uiro

388 2023 457 2086 eius
484 2021 606 2086 factam
634 2022 801 2100 maiorem,
824 2024 850 2085 si
878 2042 944 2084 non
973 2042 1030 2104 per
1052 2023 1120 2084 uim
1149 2031 1242 2104 rapta
1269 2023 1338 2101 suit,
1361 2033 1396 2086 at
1419 2023 1541 2100 uolens,
1565 2032 1598 2086 et
1625 2032 1787 2104 corrupta.

389 2137 545 2218 quoniam
569 2137 697 2199 animus
721 2137 847 2199 alienus
866 2137 935 2198 uiro
958 2136 1105 2199 redditus
1128 2136 1180 2200 hic
1204 2147 1262 2214 est,
1281 2135 1345 2199 illic
1370 2157 1434 2200 non
1458 2145 1518 2200 est.
1564 2136 1641 2219 Qua
1662 2137 1788 2200 ratione

388 2248 450 2312 suit
465 2248 609 2312 Athenis
625 2268 731 2331 poena
748 2269 861 2312 eorum
877 2248 987 2328 leuior,
1004 2249 1059 2330 qui
1076 2269 1134 2330 per
1150 2249 1216 2310 uim
1232 2249 1329 2331 potiti
1346 2246 1460 2312 alienis
1473 2248 1631 2312 uxoribus
1647 2256 1756 2311 essent
1766 2247 1788 2312 ².

388 2360 435 2424 Et
450 2361 483 2422 in
500 2361 568 2424 iure
585 2371 695 2423 nostro
711 2361 797 2424 actio
814 2359 1002 2422 iniuriarum
1019 2361 1161 2424 nascitur
1173 2361 1266 2443 patri,
1279 2361 1357 2438 uir0‚
1373 2361 1518 2439 domino,
1534 2361 1603 2424 siue
1620 2361 1787 2424 uolentem

388 2472 458 2534 siue
481 2470 658 2550 nolentem,
678 2466 790 2549 filium,
806 2492 955 2550 uxorem,
977 2492 1106 2534 seruum
1130 2471 1264 2535 alterius
1282 2473 1355 2554 quis
1379 2493 1412 2536 re
1434 2473 1571 2550 laeserit,
1590 2481 1647 2535 aut
1670 2472 1787 2535 uerbis.

388 2585 486 2647 etde
510 2584 718 2665 corruptione
745 2593 795 2646 est
816 2604 948 2664 quoque
974 2583 1060 2647 actio
1070 2583 1092 2647 ³.
1138 2583 1183 2647 Et
1207 2583 1282 2647 licet
1306 2593 1356 2648 est
1378 2585 1529 2666 quaestio
1552 2584 1636 2646 inter
1658 2591 1788 2647 nostros

388 2696 591 2778 interpretes,
607 2715 649 2758 an
669 2714 736 2775 pax
757 2705 853 2777 rupta
871 2695 1000 2758 dicatur
1015 2716 1058 2758 ex
1077 2694 1319 2759 adulteratione
1336 2697 1470 2774 uxoris3
1492 2707 1527 2760 et
1542 2697 1652 2779 plures
1667 2704 1789 2778 negant

389 2819 531 2891 ruptam.
562 2816 675 2870 tamen
702 2815 736 2870 et
763 2827 823 2870 nec
846 2807 950 2889 pauci,
974 2827 1033 2870 nec
1059 2808 1291 2871 contemnendi
1317 2817 1394 2872 sunt
1419 2808 1482 2886 alii,
1506 2809 1574 2890 qui·
1589 2808 1788 2872 contrarium

388 2921 584 3016 adfirmant:
608 2929 641 2983 et
657 2921 781 3001 priores
796 2919 938 3000 pessime
953 2919 1105 2982 docuisse
1114 2917 1136 2984 ⁴.
1182 2920 1294 2983 Etiam
1314 2929 1347 2984 et
1366 2920 1408 2984 de
1427 2929 1524 3002 rupta
1541 2940 1623 3002 pace
1639 2919 1789 3001 quaestio

388 3033 453 3097 alia
476 3041 535 3098 est.
566 3033 655 3113 quod
680 3051 814 3113 expono
837 3031 869 3094 in
894 3031 991 3094 tertio
1014 3031 1106 3095 libro.
1153 3032 1242 3096 Sane
1263 3033 1363 3096 etiam
1383 3032 1562 3096 decennale
1583 3031 1645 3095 suit
1665 3031 1789 3094 bellum

388 3147 474 3209 inter
495 3145 681 3208 Phocenses
704 3153 737 3207 et
760 3142 939 3207 Thebanos
962 3153 1096 3226 propter
1114 3144 1291 3208 foeminam
1316 3155 1445 3229 raptam
1455 3145 1477 3209 ⁶.
1523 3146 1569 3209 Et
1591 3144 1707 3209 itidem
1732 3145 1789 3207 de-

388 3257 524 3322 cennale
550 3258 594 3320 ob
620 3257 759 3320 eandem
787 3274 921 3319 causam
949 3256 1034 3319 inter
1061 3255 1245 3321 Phocenses
1273 3267 1306 3321 et
1334 3257 1508 3340 Cyrrheos.
1556 3257 1651 3321 Haec
1681 3256 1790 3338 raptio

389 3371 605 3434 foeminarum
631 3390 746 3433 caussa
773 3367 829 3431 illa
852 3367 1043 3431 hostilitatis
1069 3368 1263 3432 immortalis
1287 3368 1487 3434 Graecorum
1509 3378 1542 3432 et
1564 3368 1789 3446 barbarorum,

388 3484 517 3565 ipsique
536 3481 696 3545 adnotata
716 3482 891 3545 Herodoto
912 3480 944 3542 in
965 3481 1079 3562 primis
1099 3491 1158 3544 cst.
1204 3480 1290 3544 Illud
1310 3483 1379 3544 eius
1398 3483 1483 3564 regis
1502 3481 1684 3558 ridiculum,
1699 3490 1736 3543 ut
1753 3490 1790 3545 ut

390 3592 584 3658 Plutarchus
604 3593 723 3656 reserat
741 3593 773 3655 in
796 3590 1149 3674 Apophthegmatibus
1169 3593 1212 3654 ad
1234 3591 1423 3670 Traianum,
1439 3593 1495 3674 qui
1516 3593 1644 3656 ridebat
1665 3591 1790 3656 bellum

390 3728 434 3770 ex
452 3706 515 3770 hac
533 3726 649 3770 caussa
668 3712 868 3786 susceptum,
892 3710 925 3765 et
943 3702 985 3765 de
1004 3703 1070 3765 suis
1093 3702 1163 3784 ipse
1186 3703 1296 3784 plures
1319 3725 1379 3786 pro
1398 3725 1463 3767 una
1482 3704 1618 3767 reddere
1640 3702 1791 3767 mulieres

390 3818 615 3901 pollicebatur.
661 3815 766 3898 Quasi
794 3813 901 3877 omnis
928 3813 1044 3876 mulier
1070 3834 1109 3876 ea
1136 3821 1230 3888 esset,
1255 3834 1313 3895 pro
1340 3835 1405 3895 qua
1432 3813 1605 3897 periclitari
1632 3813 1791 3891 Theseus

390 3941 424 3996 et
440 3931 548 3994 omnis
561 3929 729 3993 coniurare
745 3926 883 3991 Graecia
900 3937 1031 4008 posset:
1051 3934 1089 3988 ut
1105 3925 1136 3987 in
1153 3925 1306 3988 laudibus
1320 3925 1470 3988 Helenae
1485 3926 1596 3988 scribit
1610 3927 1791 3988 Isocrates:

391 4155 515 4218 bellum
550 4150 726 4235 impulerit.
785 4150 945 4213 Horatius
976 4159 1010 4212 et
1038 4147 1101 4212 hoc
1128 4147 1220 4223 sals0,
1245 4148 1352 4211 ‘Nam
1376 4147 1437 4212 suit
1468 4156 1547 4211 ante
1582 4147 1793 4211 Helenam⁰.’

394 4268 564 4331 Honestas
580 4263 753 4328 mulierum
768 4263 968 4327 attaminata
982 4259 1059 4325 belli
1076 4268 1250 4324 causaest.
1274 4281 1334 4324 nec
1351 4261 1438 4324 enim
1454 4268 1513 4322 aut
1528 4259 1571 4323 ab
1590 4259 1685 4323 hoste
1701 4261 1792 4341 tangi

726 4473 733 4501 ¹
750 4473 798 4523 Str.
810 4472 853 4523 lib.
869 4486 913 4536 133
930 4471 983 4521 Plu.
996 4471 1027 4522 de
1041 4471 1118 4520 Hero.
1132 4471 1200 4532 Ma.;
1218 4471 1295 4522 Hero.
1308 4471 1352 4521 lib.
1369 4487 1390 4523 1.
1402 4488 1424 4522 c.
1435 4487 1459 4535 4.

490 4561 499 4588 ²
516 4561 543 4610 P.
556 4559 622 4610 Vict.
635 4573 675 4621 3²·
687 4558 743 4609 lect.
758 4570 795 4621 15.
929 4555 939 4585 ³
955 4556 972 4605 l.
988 4569 1008 4603 1.
1023 4554 1061 4603 26.
1073 4555 1105 4604 de
1117 4553 1188 4603 iniur.
1202 4555 1248 4618 (D.
1260 4565 1300 4618 47.
1316 4556 1357 4616 ιο)
1369 4563 1393 4605 et
1406 4554 1436 4606 C.
1447 4554 1479 4604 de
1491 4571 1536 4606 ser.
1549 4572 1599 4607 cor.
1613 4556 1647 4620 (6.
1662 4558 1696 4618 a).

610 4644 620 4672 ⁴
637 4643 710 4691 Rom.
722 4657 790 4691 cons.
806 4641 864 4702 183³
882 4639 923 4688 ubi
936 4639 993 4689 add.
1006 4638 1079 4688 Alex.
1094 4650 1149 4700 ¹15·
1160 4652 1191 4701 4;
1208 4637 1252 4686 ubi
1263 4637 1319 4687 add.
1333 4638 1386 4688 Mo.
1399 4639 1470 4688 Alex.
1486 4651 1539 4701 113.
1554 4653 1576 4688 a.

741 4723 752 4752 ⁵
768 4723 858 4774 Athen.
872 4724 915 4773 lib.
930 4736 968 4785 13.
1100 4722 1110 4750 ⁶
1129 4721 1193 4770 Hor.
1208 4733 1228 4770 1.
1241 4721 1292 4770 Sat.
1305 4734 1328 4782 3.
1343 4722 1360 4771 1.
1377 4733 1431 4784 107.

1063 4893 1125 4944 Na
