4498 5566
746 718 807 772 DE
834 718 938 774 IURE
967 718 1100 786 BELLI,
1130 718 1259 785 LIB.I,
1292 717 1379 774 CAP.
1402 719 1454 774 IV.
1763 728 1803 794 23

407 966 440 1022 et
453 967 611 1022 tertarum
625 956 835 1040 praedonem.
848 964 927 1020 tunc
939 956 1026 1020 enim
1042 974 1185 1038 uereque
1197 965 1377 1039 arguteque
1393 959 1507 1022 datam
1519 975 1539 1019 a
1552 956 1658 1038 pirata
1670 975 1807 1038 respon·

408 1069 534 1134 sionem
553 1067 748 1134 laudaueris.
794 1067 839 1131 Et
858 1068 904 1131 ita
927 1067 1051 1131 lallitur
1068 1068 1168 1132 etiam
1185 1067 1346 1146 Alciatus,
1362 1068 1418 1150 qui
1435 1069 1522 1134 idem
1538 1067 1663 1149 piratae
1681 1067 1806 1132 dictum

407 1179 587 1260 aliquando
609 1179 794 1260 adprobare
817 1177 954 1256 uidetur,
979 1187 1012 1242 et
1035 1178 1241 1260 aliquatenus
1263 1179 1442 1262 piraticam,
1465 1199 1504 1243 ea
1523 1178 1646 1244 scilicet
1669 1177 1806 1253 ratione,

409 1289 487 1371 quia
497 1290 624 1371 piratae
635 1309 654 1352 a
667 1288 872 1371 Principibus
884 1287 1092 1354 tolerentur¹.
1120 1289 1165 1354 Et
1176 1289 1297 1354 suerint
1309 1299 1432 1374 gentes,
1445 1309 1529 1372 quae
1541 1289 1713 1372 piraticam
1724 1289 1812 1372 pub·.

409 1399 471 1464 lice
486 1410 714 1466 exercuemnt.
745 1398 960 1464 ‘Normanni’
977 1398 1024 1485 (id
1040 1420 1125 1465 nunc
1141 1399 1278 1487 addam)
1295 1401 1604 1468 ‘uetustissimomm
1620 1409 1809 1483 temporum

407 1514 415 1542 ‘
432 1511 587 1593 opinione
602 1510 772 1593 piraticam
789 1511 822 1575 in
839 1511 937 1577 laude
951 1512 1122 1595 ponebant
1133 1512 1156 1578 :’
1175 1513 1280 1596 inquit
1297 1514 1332 1576 Ρ.
1349 1512 1517 1596 AEmylius
1525 1511 1547 1577 ².
1584 1513 1628 1577 Et
1644 1511 1807 1590 Alciatus,

409 1623 625 1706 quodminus
647 1621 680 1686 hi
704 1632 842 1705 peccent
858 1623 913 1706 qui
937 1623 970 1686 in
994 1623 1076 1688 mari
1096 1622 1300 1706 delinquunt,
1316 1624 1371 1688 ubi
1390 1623 1440 1688 ius
1462 1624 1611 1706 gentium
1627 1624 1724 1702 ualet,
1741 1643 1807 1688 non

408 1733 473 1798 alia
489 1731 564 1797 lex:
589 1742 689 1816 atque
705 1755 744 1798 eo
760 1733 828 1796 iure
844 1743 894 1798 est
915 1754 1005 1798 mare
1025 1754 1210 1800 commune.
1257 1735 1398 1816 Indigna
1416 1744 1511 1801 tanto
1526 1735 1597 1798 uiro
1615 1734 1810 1815 disputatio.

410 1843 460 1909 Ut
481 1844 623 1908 Plautini
646 1845 715 1907 eius
738 1844 882 1923 ridicula,
904 1845 960 1927 qui
985 1845 1116 1909 dicebat
1139 1845 1274 1924 licitum,
1297 1845 1424 1912 auferre
1446 1846 1552 1930 pisces
1574 1846 1607 1908 in
1631 1843 1806 1910 macellum

408 1955 537 2034 allatos,
552 1955 708 2038 quoniam
730 1965 839 2020 essent
859 1957 892 2020 in
913 1957 994 2020 mari
1016 1957 1112 2038 capti,
1128 1957 1216 2039 quod
1238 1977 1414 2022 commune
1432 1956 1548 2023 essetss.
1596 1956 1690 2022 Haec
1711 1955 1810 2022 simul

408 2076 509 2150 atque
531 2067 735 2149 apprehensa
758 2077 842 2147 sunt,
863 2069 934 2132 sine
957 2069 1058 2133 dubio
1082 2069 1161 2146 eius,
1182 2068 1215 2130 in
1238 2069 1330 2132 cuius
1353 2077 1554 2152 potestatem
1579 2077 1808 2151 peruenerunt.

409 2178 534 2243 domini
565 2177 648 2243 fiunt
658 2177 681 2243 ⁴.
735 2179 848 2244 ‘Mare
877 2179 1029 2242 omnibus
1059 2198 1257 2256 commune;
1288 2180 1345 2244 sed
1369 2180 1476 2261 pisces
1499 2198 1612 2244 eorum
1638 2180 1695 2261 qui
1719 2199 1808 2244 eme·

408 2293 417 2320 ⁴
435 2289 544 2367 rent3'
565 2289 697 2353 dixerat
713 2289 928 2356 Phoenicides
938 2291 959 2354 ⁶.
1006 2289 1115 2373 Capta
1133 2290 1286 2354 desinunt
1310 2310 1381 2356 esse
1403 2291 1622 2356 communiat
1668 2290 1714 2354 Et
1736 2290 1808 2372 ipsa

408 2419 494 2482 aqua
518 2399 616 2463 maris
634 2401 677 2464 ad
701 2401 802 2466 salem
826 2401 1066 2464 conficiendum
1083 2410 1228 2482 accepta,
1243 2400 1434 2483 accipientis
1449 2408 1509 2466 est.
1554 2400 1594 2465 Id
1616 2399 1670 2466 hic
1693 2401 1808 2466 uiden-

407 2511 488 2574 dum
505 2520 554 2575 est
570 2511 672 2590 nobis,
688 2531 729 2576 ne
745 2533 789 2576 ex
806 2511 942 2590 latrone,
958 2522 993 2576 et
1008 2511 1180 2579 latrocinio
1195 2512 1227 2576 in
1244 2512 1372 2589 ducem,
1388 2521 1423 2577 et
1441 2511 1474 2576 in
1492 2511 1618 2578 bellum
1637 2513 1806 2577 euadatur.

409 2620 509 2705 Quod
537 2621 579 2686 de
601 2621 793 2688 Aristonico
825 2623 989 2700 Iustinus;
1020 2624 1063 2688 de
1087 2623 1218 2688 Uiriato
1244 2622 1441 2700 Frontinus;
1469 2623 1512 2688 de
1536 2622 1609 2704 ipso
1636 2622 1807 2706 Spartaco,

409 2741 443 2795 et
466 2732 589 2813 piratis,
608 2742 642 2798 et
663 2732 810 2816 Apuleio
832 2733 979 2816 quodam
1006 2735 1197 2818 proscripto,
1221 2734 1320 2800 etde
1344 2732 1424 2800 Sex.
1447 2732 1607 2816 Pompeio
1630 2733 1809 2817 Appianus

408 2844 455 2908 ait
464 2845 486 2909 ⁷.
531 2844 698 2928 Quodque
713 2846 769 2910 fiet
785 2865 851 2909 non
869 2854 939 2910 tam
959 2846 1035 2910 iusti
1059 2847 1223 2911 exercitus
1243 2854 1352 2923 auctu,
1367 2853 1401 2909 et
1419 2845 1548 2908 urbium
1572 2845 1755 2927 interceptu
1771 2855 1809 2909 ut

409 2957 585 3039 scriptores
611 2958 663 3021 isti
691 2966 724 3020 et
750 2957 804 3022 alii
826 2957 972 3022 historici
996 2959 1128 3022 credere
1150 2959 1311 3034 uidentur,
1334 2977 1434 3040 quam
1458 2957 1635 3039 adeptione
1657 2957 1810 3038 publicae

409 3066 577 3132 caussae⁸.
625 3066 678 3131 Ita
697 3069 783 3132 enim
801 3068 948 3132 Uiriatus
968 3089 1070 3150 quum
1085 3089 1106 3132 a
1122 3069 1251 3151 priuato
1266 3067 1437 3132 latrocinio
1451 3067 1494 3133 ad
1511 3067 1637 3150 patriae
1657 3088 1811 3133 caussam

410 3180 568 3242 tuendam
584 3199 620 3242 se
635 3178 837 3257 contulisset,
849 3180 920 3243 dux
935 3179 978 3242 de
993 3179 1121 3243 latrone
1131 3178 1240 3243 sactus
1256 3188 1315 3258 est,
1331 3188 1364 3246 et
1376 3178 1500 3243 bellum
1516 3180 1656 3261 gessisse
1671 3179 1809 3244 dicetur.

411 3289 456 3353 Et
481 3291 592 3373 itaque
617 3310 733 3373 pacem
760 3309 835 3354 cum
859 3310 907 3368 eo,
929 3299 963 3354 et
986 3289 1102 3354 soedus
1125 3290 1198 3355 iniit
1220 3288 1362 3373 populus
1386 3289 1578 3356 Romanus:
1609 3301 1643 3356 et
1665 3292 1808 3356 eundem

409 3401 589 3484 appellauit
612 3401 764 3467 amicum.
811 3400 856 3464 Et
879 3402 925 3464 ita
949 3401 1048 3464 etiam
1075 3401 1225 3480 Arsaces,
1250 3421 1353 3484 quum
1375 3401 1502 3483 patriae
1524 3420 1661 3483 regnum
1684 3401 1811 3466 subdu·

410 3531 483 3576 cere
507 3511 745 3576 Macedonibus
769 3513 926 3594 occoepit,
943 3512 986 3577 de
1005 3511 1135 3577 latrone
1154 3533 1214 3578 rex
1236 3513 1269 3576 in
1286 3512 1397 3577 Persia
1412 3511 1505 3576 initl.
1552 3511 1596 3576 Et
1614 3513 1661 3578 ita
1678 3513 1804 3580 Aristo·

410 3622 510 3701 nicus,
532 3624 612 3687 dum
639 3622 742 3686 Asiae
768 3623 859 3704 regni
886 3623 1125 3688 successionem
1153 3624 1221 3687 iure
1246 3624 1393 3688 uindicat
1419 3623 1596 3705 sanguinis,
1624 3623 1811 3706 Imperator¹

410 3731 507 3796 luerit
530 3735 657 3812 merito,
680 3744 715 3798 et
736 3733 861 3797 bellum
884 3733 1035 3797 habuerit
1058 3754 1133 3799 cum
1157 3734 1319 3799 Romanis
1339 3736 1472 3800 iustum.
1519 3735 1565 3798 Et
1588 3736 1635 3800 ita
1657 3744 1807 3800 notatum

411 3851 470 3919 est,
494 3863 555 3906 nec
581 3845 724 3907 uoluisse
752 3843 871 3920 Deum,
894 3853 931 3906 ut
956 3842 1123 3926 Sampson
1148 3844 1274 3926 absque
1298 3865 1396 3908 causa
1423 3853 1610 3910 moueretur
1633 3845 1666 3908 in
1691 3844 1808 3908 Philis-

410 3962 511 4031 taeos
522 3963 558 4016 at
573 3952 696 4030 fecisse,
708 3962 745 4016 ut
759 3974 779 4015 a
795 3952 931 4034 priuatis
946 3951 1106 4033 paulatim
1121 3955 1164 4016 acl
1181 3952 1347 4035 publicam
1363 3974 1512 4020 caussam
1529 3956 1590 4018 iret
1600 3953 1633 4022 ¹⁰.
1663 3953 1715 4020 At
1730 3975 1811 4020 uero

409 4064 466 4147 qui
495 4083 645 4128 caussam
675 4063 772 4128 istam
804 4081 870 4126 non
900 4061 1033 4140 habent,
1059 4061 1092 4123 hi
1120 4082 1228 4144 neque
1250 4061 1364 4126 hostes
1393 4071 1492 4126 sunt:
1526 4065 1627 4130 etiam
1657 4065 1684 4128 si
1714 4085 1809 4130 exer·

410 4176 493 4248 citus
516 4174 662 4250 habent;
692 4183 726 4239 et
747 4191 812 4238 non
836 4172 1038 4255 improspere
1060 4191 1130 4236 rem
1152 4182 1293 4256 gerunt;
1316 4184 1350 4238 et
1372 4173 1502 4253 milites,
1521 4175 1811 4258 imperatoresque

418 4327 1493 4338 --....—-——-—.———-—---——-—-—-—-———----
1498 4329 1590 4335 .-..—.-

423 4412 490 4465 ¹A1.
504 4427 604 4465 ncons.
618 4425 655 4466 11.
762 4408 927 4475 ’P.Aemyl.
940 4423 962 4473 3.
975 4410 1100 4476 Francp.
1113 4411 1151 4476 89.
1258 4408 1355 4464 ’Plan
1368 4409 1433 4460 Rud.
1443 4415 1493 4462 act.
1505 4426 1529 4474 4.
1540 4424 1574 4460 sc.
1588 4422 1617 4474 3:
1636 4409 1698 4462 Pris.
1710 4409 1753 4460 lib.
1768 4421 1790 4475 7.

638 4497 647 4526 ⁴
663 4497 679 4548 l.
694 4508 732 4559 14.
744 4494 776 4546 de
786 4494 842 4560 adq.
854 4511 900 4545 rer.
911 4493 979 4546 dom.
992 4493 1037 4558 (D.
1051 4507 1091 4554 41.
1106 4495 1140 4555 1).
1353 4492 1363 4522 ⁵
1379 4491 1470 4544 Athen.
1483 4494 1506 4546 8.
1518 4508 1540 4544 c.
1554 4501 1576 4555 7.

473 4579 547 4631 ‘Bet
559 4578 711 4641 l.3.dediu.
723 4592 757 4628 re.
770 4577 815 4642 (D.
830 4591 852 4628 1.
865 4577 901 4640 8).
985 4577 1032 4627 τΙ.
1045 4575 1089 4625 lib·
1102 4575 1194 4640 355F.
1207 4575 1545 4637 2.c.5;A.1ciu.c.116,
1559 4572 1740 4638 2.c.c.85‚46.

592 4661 855 4725 ⁸1Herodia.e.3o.
1052 4657 1280 4722 'Mustiae-4
1478 4659 1568 4710 ¹⁰Iud.
1582 4671 1620 4722 14.
