4522 5570
731 727 791 782 DE
818 729 922 782 IURE
950 728 1085 800 BELLI,
1114 730 1193 786 LIB.
1216 730 1258 801 Il,
1290 730 1377 787 CAP.
1400 732 1442 787 II.
1725 744 1785 808 129

386 971 519 1036 exsules
548 973 594 1036 illi
624 975 712 1056 quod
743 983 914 1055 quaerunt,
941 985 974 1038 et
1007 977 1172 1038 consecuti
1196 976 1428 1058 suntpluries.
1475 976 1600 1042 Aeoles
1626 978 1787 1061 recipiunt

387 1081 621 1165 Colophonios‚
651 1085 906 1148 Lacedaemonii
940 1085 1061 1148 Minias
1071 1083 1091 1149 ¹.
1153 1085 1292 1150 Cumaei
1325 1088 1415 1165 alios,
1445 1089 1477 1150 ui
1507 1089 1641 1170 quidem
1672 1092 1787 1168 coacti,

385 1195 444 1257 sed
470 1194 595 1276 absque
620 1193 738 1258 bello².
784 1194 921 1271 Gothos,
950 1195 1103 1278 Scythas,
1130 1196 1269 1274 Alanos,
1297 1198 1464 1279 Bulgaros,
1488 1198 1669 1264 Saracenos
1697 1201 1785 1266 Con-

384 1306 669 1388 stantinopolitani
703 1307 917 1388 imperatores
926 1305 949 1370 ³.
995 1307 1041 1370 Et
1074 1308 1213 1371 Latinus
1246 1329 1306 1371 rex
1340 1309 1418 1372 olim
1447 1310 1616 1391 Troianos,
1648 1320 1681 1376 et
1709 1312 1784 1376 Afri

382 1415 512 1498 Tyrios,
535 1418 646 1482 etalii
669 1416 762 1481 alios.

426 1528 466 1590 In
488 1528 559 1591 utili
582 1528 773 1593 defensione
800 1549 860 1593 nec
885 1529 1049 1593 diuersum
1073 1530 1299 1594 constituetur.
1332 1531 1466 1613 quando
1488 1532 1626 1596 eaedem
1649 1553 1784 1600 caussae

382 1649 537 1717 manent3
560 1641 706 1722 satisque
723 1640 777 1703 uel
796 1641 897 1704 metui
916 1640 1111 1718 consuletur,
1127 1640 1180 1704 uel
1198 1641 1276 1705 belli
1295 1662 1394 1705 causa
1411 1642 1655 1724 adprobabitur.
1702 1646 1783 1708 Dari

381 1752 514 1815 obsides
536 1761 683 1833 possunt,
706 1751 791 1815 tradi
814 1772 914 1829 areca,
937 1752 1055 1815 deduci
1079 1751 1250 1835 praesidia,
1268 1754 1391 1817 dimitti
1414 1756 1589 1832 exercitus,
1608 1776 1783 1838 sponsores

381 1863 519 1943 adsumi,
542 1863 623 1928 fides
646 1864 815 1946 obstringi,
838 1863 1062 1927 iusiurandum
1088 1865 1260 1945 interponi,
1283 1865 1440 1946 praestari
1463 1865 1496 1927 id
1519 1886 1623 1948 genus
1649 1867 1783 1950 reliqua,

380 1994 473 2056 quae,
487 1975 563 2038 licet
575 1974 705 2039 uincula
716 1976 818 2038 uideri
831 1976 915 2039 leuia
928 1984 1067 2056 possunt
1082 1975 1115 2037 in
1132 1976 1289 2056 regnandi
1306 1976 1382 2055 iure,
1394 1977 1463 2040 siue
1479 1978 1604 2056 iniuria,
1616 1987 1652 2041 ut
1665 1977 1782 2042 Tullus

275 2109 278 2116 ·
380 2105 513 2168 quoque
525 2085 638 2164 dixit4,
650 2096 727 2150 sunt
742 2087 871 2151 uincula
886 2096 998 2150 tamen
1015 2095 1049 2149 et
1064 2086 1287 2150 iusiurandum
1304 2088 1440 2169 quidem
1455 2089 1604 2170 gentium
1616 2091 1782 2170 omnium;

380 2216 441 2260 nec
462 2207 537 2260 sunt
557 2197 655 2261 alia⁵.
701 2197 746 2261 Et
768 2218 807 2260 ea
830 2207 962 2279 recepta
985 2207 1081 2274 sunt3
1113 2206 1146 2260 et
1165 2199 1296 2278 quaesi
1316 2218 1381 2261 non
1405 2200 1611 2282 recipiantur,
1628 2221 1694 2264 non
1718 2203 1779 2264 nisi

381 2308 527 2372 confusio
550 2316 735 2391 superesset
751 2310 899 2371 omnium
922 2328 1048 2386 rerum3
1080 2327 1140 2371 nec
1163 2309 1295 2390 coargui
1319 2309 1496 2373 iniustitiae
1519 2310 1724 2375 refractarius
1748 2322 1781 2377 et

381 2419 519 2483 iniustus
534 2440 693 2502 umquam
710 2419 843 2482 ualeret.
882 2418 936 2482 Sic
947 2418 1101 2482 Alciatus
1117 2419 1150 2480 in
1166 2419 1360 2500 quaestione
1375 2421 1418 2482 de
1435 2422 1659 2486 moderamine
1675 2424 1778 2488 incul-

379 2540 477 2612 patae
488 2531 611 2595 tutelae
622 2531 731 2610 tradit,
744 2531 1029 2613 repromissionem
1041 2528 1237 2593 interuenire
1249 2550 1346 2611 posse
1358 2532 1517 2594 aduersus
1534 2540 1669 2608 metum,
1682 2555 1781 2616 posse

379 2643 576 2706 interuenire
599 2642 835 2718 iusiurandum,
856 2640 1089 2716 fideiussiones,
1113 2640 1292 2717 obsidatus,
1318 2642 1457 2724 pignora
1481 2645 1637 2707 arciumfl.
1684 2644 1779 2708 Idem

378 2773 475 2835 porro
499 2762 533 2818 et
557 2755 590 2817 in
614 2752 834 2818 uindicatione
858 2754 908 2816 ius
932 2753 1178 2827 constituemus,
1202 2760 1239 2815 ut
1269 2751 1393 2816 bellum
1421 2754 1635 2818 denuncietur
1661 2756 1704 2818 ab
1729 2756 1780 2820 his

378 2866 435 2947 qui
453 2866 611 2930 ultionem
635 2873 819 2948 quaerunt:
842 2865 913 2929 siue
936 2863 1051 2926 iniuria
1074 2883 1185 2926 recens
1208 2873 1345 2946 accepta
1367 2873 1427 2940 est,
1448 2866 1517 2928 siue
1538 2875 1633 2929 uetus
1654 2875 1713 2930 est.
1743 2877 1780 2931 ut

377 2979 421 3041 de
438 2978 585 3058 utrisque
607 2986 684 3040 sunt
705 2975 880 3041 historiae:
905 2984 938 3038 et
960 2973 1168 3056 supradictae
1190 2975 1326 3038 uincunt
1349 2974 1499 3039 rationes.
1546 2976 1702 3041 Ceterum
1726 2977 1780 3042 hic

377 3088 527 3168 sciamus,
549 3089 639 3170 quod
664 3088 690 3150 si
715 3085 807 3151 illata
830 3086 945 3150 iniuria
968 3085 1065 3148 suerit
1089 3084 1226 3149 bellica:
1259 3086 1293 3148 id
1317 3087 1406 3167 quod
1432 3107 1475 3148 ex
1499 3096 1616 3168 paratu
1640 3109 1779 3171 cognos-

377 3201 479 3266 citur:
503 3219 562 3264 nec
580 3199 741 3263 indictum
759 3197 884 3262 bellum
903 3197 983 3260 luit:
1008 3196 1121 3279 utique
1140 3216 1199 3260 nec
1218 3197 1364 3260 indicent
1382 3197 1446 3272 alii,
1466 3198 1521 3281 qui
1541 3199 1575 3261 in
1593 3201 1780 3282 praesentia

376 3321 514 3376 mouent
535 3312 579 3374 ad
598 3311 767 3375 ultionem.
800 3330 877 3386 nam
896 3310 967 3372 iura
985 3308 1122 3371 uiolanti
1141 3309 1191 3372 ius
1210 3309 1365 3386 redditur,
1384 3310 1410 3372 si
1430 3310 1479 3373 ius
1498 3330 1564 3374 non
1584 3321 1778 3393 praestatur.

376 3433 413 3487 ut
436 3423 502 3487 illic
525 3423 688 3504 explicaui
712 3423 745 3485 in
768 3422 913 3486 secundo
941 3421 993 3484 De
1016 3420 1243 3503 legationibus,
1267 3421 1321 3483 ubi
1347 3421 1470 3503 scripsi,
1494 3424 1777 3505 quemadmodum

375 3533 433 3616 qui
456 3533 590 3598 alterius
617 3534 711 3597 laesit
738 3533 874 3615 legatos,
898 3534 925 3595 is
949 3531 1014 3595 suis
1039 3551 1104 3594 non
1128 3540 1237 3611 speret
1263 3540 1351 3594 stare
1377 3532 1427 3595 ius
1451 3532 1633 3614 legationis.
1690 3535 1777 3598 Item

376 3665 483 3727 neque
504 3645 556 3708 his
576 3645 698 3708 bellum
721 3645 883 3708 indicetur
904 3644 960 3724 qui
984 3645 1049 3705 iam
1073 3662 1133 3723 pro
1150 3641 1301 3705 hostibus
1324 3640 1496 3706 habentur.
1527 3645 1665 3726 utquid
1688 3647 1776 3709 enim

374 3775 459 3837 opus
490 3755 677 3832 indictione,
708 3775 767 3837 per
795 3773 896 3835 quarn
927 3751 1136 3816 denunciatio
1165 3751 1364 3829 hostilitatis,
1395 3753 1422 3814 si
1452 3751 1566 3817 hostes
1596 3775 1709 3818 sumus
1742 3768 1776 3821 et

373 3867 542 3930 habemur.
600 3865 786 3949 ‘Quicquid
804 3867 1050 3929 demonstratae
1069 3862 1115 3925 rei
1133 3861 1265 3925 additur
1286 3861 1366 3924 satis
1384 3862 1639 3942 demonstratae,
1657 3866 1777 3930 frustra

374 3973 490 4041 ‘est⁷.’
536 3977 649 4040 Etiam
673 3975 751 4040 illud
772 3976 887 4039 dixere
916 3974 1056 4052 feciales,
1080 3993 1146 4036 non
1168 3992 1252 4054 opus
1275 3992 1355 4050 esse,
1374 3973 1565 4039 renunciare
1586 3976 1774 4055 amicitiam,

373 4110 448 4155 cum
473 4088 590 4171 legatis
614 4088 838 4170 repetentibus
859 4106 911 4150 res
937 4084 1067 4166 pluries,
1091 4105 1149 4148 eae
1177 4103 1237 4148 nec
1260 4093 1370 4147 essent
1397 4084 1553 4164 redditae,
1576 4106 1636 4150 nec
1660 4087 1775 4152 suisset

372 4201 468 4265 aliter
485 4199 698 4264 satisfactum.
728 4199 819 4281 quod
837 4197 936 4281 paulo
954 4207 1031 4261 ante
1049 4196 1228 4260 retulimus.
1273 4193 1350 4258 ‘An
1369 4195 1554 4277 Agesilaus,
1570 4197 1774 4279 Alexander,

373 4312 479 4377 ‘alius
496 4311 640 4376 Graecus
657 4311 831 4375 indixisset
845 4310 992 4374 barbaris
1006 4310 1139 4388 bellum,
1156 4309 1274 4391 quibus
1291 4317 1384 4371 erant
1400 4306 1511 4371 hostes
1526 4307 1691 4391 semper?'
1726 4311 1773 4374 Hi

371 4545 791 4610 ¹Herod0t.1.c.15o,4.c.145.
856 4543 956 4595 ’Paua
969 4552 990 4606 7.
1057 4543 1199 4605 'Oros.7;
1217 4542 1292 4606 Greg.
1307 4557 1328 4592 2.
1340 4542 1364 4592 6.
1378 4557 1422 4607 ¹9³
1441 4541 1501 4592 Zon.
1518 4556 1540 4604 3.
1605 4541 1773 4608 ⁴Dionysa.

503 4627 513 4656 ¹
529 4628 634 4692 Dionys.
648 4627 672 4678 6.
815 4625 826 4656 ⁸
841 4625 897 4677 Ale.
910 4641 932 4690 5.
945 4641 1011 4677 cons.
1027 4639 1082 4686 132.
1228 4624 1237 4653 ²
1254 4625 1271 4673 l.
1287 4639 1308 4676 1.
1318 4624 1349 4674 de
1360 4624 1402 4674 do.
1415 4640 1482 4689 prae.
1494 4624 1539 4693 (D.
1552 4638 1591 4688 33.
1603 4625 1639 4687 4).

370 4761 506 4778 ——n—

1067 4839 1084 4886 S
