4522 5570
500 632 625 643 ...ῳ-

503 746 563 808 142
988 735 1190 789 ALBERICI
1217 734 1417 788 GENTILIS

501 977 645 1043 Graecos
669 976 930 1062 opprimerent¹:
969 988 1001 1041 et
1024 999 1075 1042 res
1098 977 1193 1042 aliter
1215 987 1295 1043 erat.
1336 977 1409 1041 Aut
1434 978 1480 1040 sic
1501 976 1607 1052 liceat,
1631 985 1764 1058 aptasse
1785 998 1900 1041 exem-

500 1089 603 1171 plum.
651 1089 744 1153 Idem
764 1088 1014 1164 Themistocles,
1034 1090 1115 1153 dum
1134 1098 1273 1164 ueretur,
1294 1109 1335 1152 ne
1353 1097 1430 1171 post
1448 1089 1619 1152 uictoriam
1642 1107 1777 1152 suorum
1801 1109 1901 1152 naua-

500 1201 566 1265 lem
585 1202 691 1266 adhuc
709 1202 900 1265 subsisteret
917 1201 1048 1264 Xerxes
1066 1201 1100 1264 in
1117 1198 1263 1277 Graecia,
1278 1209 1379 1282 atque
1399 1219 1502 1264 nouas
1522 1201 1555 1262 in
1570 1199 1739 1283 angustias
1755 1199 1901 1264 Graecos

499 1312 676 1391 induceret,
695 1321 808 1376 monet
831 1313 981 1376 Xerxem
1005 1314 1122 1376 eadem
1143 1311 1353 1375 simulatione
1371 1311 1544 1389 amicitiae,
1562 1311 1731 1374 festinaret
1749 1311 1839 1374 abire
1857 1312 1901 1374 de

500 1423 638 1488 Graecia
658 1433 838 1506 antequam
868 1423 930 1486 sibi
960 1424 1070 1488 exitus
1092 1444 1112 1486 a
1136 1423 1271 1487 Graecis
1301 1423 1549 1486 intercideretur
1558 1419 1579 1485 ².
1635 1421 1681 1485 Et
1711 1421 1757 1484 ita
1787 1441 1899 1504 regem

498 1535 591 1598 illum
614 1537 727 1599 statim
751 1535 873 1616 exegit,
893 1535 1076 1612 timentem,
1099 1534 1288 1599 credentem
1311 1553 1389 1596 uera
1412 1531 1646 1596 Themistoclis
1670 1533 1806 1596 monita.
1853 1531 1900 1594 Et

497 1647 604 1709 simile
620 1645 885 1728 Philopoemenis
901 1645 1109 1709 mendacium
1124 1646 1282 1708 aduersus
1298 1644 1466 1707 Nabidem
1483 1651 1593 1707 narrat
1609 1643 1724 1707 Liuius
1734 1641 1756 1706 ⁸.
1802 1642 1898 1706 Men·

496 1758 577 1821 titur
607 1756 769 1820 Porsenae
801 1755 963 1819 Scaeuola
992 1757 1034 1820 de
1064 1755 1219 1819 trecentis
1246 1755 1423 1820 coniuratis
1453 1755 1529 1818 suis.
1586 1753 1763 1818 Africanus
1795 1754 1900 1816 maior

497 1869 540 1931 de
562 1889 644 1950 pace
662 1869 731 1950 agit
753 1887 829 1930 cum
849 1866 1021 1950 Syphace:
1046 1877 1078 1931 et
1101 1867 1182 1930 nihil
1203 1869 1327 1949 cogitat
1346 1867 1454 1929 minus
1464 1865 1487 1930 ⁴.
1533 1865 1579 1931 Et
1598 1866 1640 1929 de
1661 1865 1770 1929 Arato
1785 1865 1899 1928 scribit

499 1978 664 2062 Polybius,
688 1980 778 2061 quod
806 1979 920 2058 multa,
943 1989 1180 2061 contraquam
1203 1978 1407 2061 loquebatur,
1433 1978 1539 2042 moliri
1567 1978 1600 2041 in
1623 1977 1736 2042 hostes
1762 1998 1899 2045 consue-

497 2099 590 2154 uerat
600 2089 623 2153 ⁵.
679 2090 729 2153 At
753 2090 981 2172 exemplorum
1005 2091 1071 2152 iam
1093 2091 1182 2154 satis,
1227 2089 1273 2152 Et
1296 2089 1452 2171 exempla
1474 2099 1588 2152 tamen
1611 2089 1728 2154 talium
1753 2089 1897 2153 uirorum

496 2201 618 2266 sacient
643 2211 773 2284 partem
800 2202 945 2285 aliquam
972 2202 1005 2264 in
1031 2203 1100 2264 iure
1126 2201 1367 2278 constituendo,
1393 2199 1483 2283 quod
1510 2201 1708 2282 quaerimus.
1764 2200 1898 2265 Scilicet

496 2321 546 2376 est
565 2313 743 2395 probabile,
761 2315 851 2397 quod
872 2314 1019 2397 probatis
1038 2314 1214 2398 probatum
1234 2322 1283 2376 est
1301 2312 1379 2388 uiris
1389 2311 1410 2375 ⁶.
1457 2312 1502 2375 Et
1525 2310 1658 2394 reliqua,
1676 2332 1762 2395 quae
1784 2311 1898 2393 scripsi

495 2433 597 2488 antea
612 2424 655 2490 de
673 2426 846 2509 exemplis.
893 2427 932 2489 In
948 2427 998 2488 his
1013 2433 1126 2489 autem
1141 2422 1305 2505 exemplis
1319 2423 1407 2486 hosti
1425 2423 1581 2486 mentitus
1597 2423 1702 2488 hostis
1718 2432 1777 2488 est.
1825 2425 1896 2488 Nec

496 2544 608 2600 tamen
635 2538 678 2600 de
705 2537 866 2601 eiusmodi
894 2537 1074 2600 mendaciis
1095 2536 1226 2599 hostem
1254 2536 1296 2599 ab
1319 2535 1417 2598 hoste
1443 2535 1588 2598 accusari
1614 2535 1803 2603 audiuimus
1826 2553 1897 2596 um-

496 2667 605 2728 quam.
661 2647 870 2712 Facilitatem
893 2668 987 2711 suam
1010 2657 1150 2725 accuset,
1172 2647 1228 2729 qui
1254 2644 1341 2709 hosti
1369 2646 1482 2710 credit.
1527 2646 1601 2708 ‘Ne
1624 2647 1738 2710 credas
1764 2646 1896 2711 inimico

497 2763 579 2821 ‘tuo
602 2759 635 2822 in
659 2759 805 2823 seculum
816 2757 847 2822 ⁷.’
893 2759 932 2821 ln
955 2778 1032 2821 casu
1050 2758 1225 2840 superiore,
1243 2779 1347 2840 quum
1369 2756 1474 2821 hostis
1496 2756 1658 2823 allocutus
1680 2757 1897 2820 hostem'non

496 2877 556 2948 est,
571 2870 715 2935 accusari
736 2869 841 2934 hostis
864 2890 931 2933 non
952 2878 1073 2953 potest.
1119 2869 1235 2932 Refert
1258 2871 1345 2934 enim
1369 2870 1401 2932 in
1425 2870 1527 2952 gestis
1549 2869 1709 2948 uiuorum,
1732 2888 1806 2932 cum
1830 2888 1897 2949 quo

496 2980 569 3061 quis
591 2977 775 3063 loquatur⁸.
833 2981 872 3042 In
897 2980 1078 3062 posteriore
1105 2999 1165 3043 nec
1187 2989 1359 3044 accusatur
1383 2980 1497 3045 hostis.
1535 3000 1613 3043 nam
1640 2981 1673 3042 in
1696 2980 1785 3043 nudo
1808 2979 1897 3044 dicto

495 3098 608 3169 statur,
633 3111 700 3154 non
730 3092 772 3156 ad
802 3091 937 3174 aliquod
967 3091 1165 3173 promissum
1192 3091 1386 3155 descensum
1416 3100 1475 3155 est.
1508 3100 1541 3155 et
1569 3112 1677 3177 neque
1703 3092 1737 3156 in
1764 3100 1896 3155 contra·

493 3199 605 3265 hendo
627 3201 654 3265 is
677 3203 841 3265 admissus
864 3201 960 3266 dolus
983 3210 1033 3265 est
1042 3201 1064 3266 ⁹.
1109 3201 1199 3284 Ergo
1221 3201 1310 3265 nulla
1330 3211 1501 3266 contracta
1521 3203 1681 3285 obligatio
1705 3225 1749 3268 ex
1773 3223 1812 3266 eo
1835 3211 1895 3266 est.

494 3311 590 3396 Quae
613 3313 696 3376 ratio
718 3312 797 3376 lacit
820 3321 946 3376 certam
970 3310 1196 3376 definitionem
1220 3313 1253 3375 in
1276 3313 1383 3393 priori.
1438 3314 1523 3379 Cum
1548 3315 1650 3379 uideri
1675 3334 1740 3377 non
1764 3313 1895 3376 firmum

493 3423 615 3506 alioqui
643 3425 756 3508 possit,
778 3425 868 3506 quod
896 3425 1075 3501 dicebatur,
1102 3423 1221 3487 reserre
1250 3425 1283 3487 in
1313 3424 1415 3507 gestis
1442 3427 1602 3502 uiuorum,
1627 3447 1702 3492 cum
1729 3447 1797 3508 quo
1822 3427 1895 3508 quis

493 3535 656 3617 loquatur.
713 3534 846 3600 Scilicet
873 3535 985 3618 regula
1009 3536 1189 3598 secundum
1217 3535 1357 3617 rigorem
1384 3537 1461 3600 iuris
1487 3537 1600 3612 ciuilis,
1624 3559 1690 3602 non
1713 3539 1894 3603 secundum

493 3646 694 3728 aequitatem
718 3647 795 3710 iuris
816 3648 975 3729 gentium,
998 3655 1056 3724 est,
1080 3647 1169 3710 ‘Res
1192 3646 1277 3709 inter
1299 3647 1382 3710 alios
1404 3647 1497 3726 acta,’
1520 3658 1582 3712 etc.
1613 3657 1650 3710 ut
1672 3650 1719 3712 sic
1741 3647 1895 3711 Alciatus

492 3759 669 3840 respondit,
687 3757 806 3822 referre
824 3759 892 3822 imo
909 3758 962 3821 hic
981 3756 1070 3835 nihil,
1089 3777 1164 3821 cum
1183 3779 1249 3840 quo
1272 3759 1345 3842 quis
1367 3756 1566 3842 loquaturll.
1613 3759 1652 3821 In
1668 3757 1894 3822 contrahendo

492 3869 624 3934 mentiri
641 3870 729 3934 hosti
748 3890 813 3956 non
832 3869 917 3934 licet.
964 3870 1020 3935 Sic
1043 3870 1146 3934 uideri
1165 3880 1304 3952 possunt
1323 3890 1389 3933 non
1408 3871 1512 3952 probe
1535 3870 1640 3952 egisse
1665 3870 1891 3934 labeschitae:

491 3981 548 4073 qui
570 3983 658 4062 pacti
677 3991 775 4045 antea
793 3982 1005 4060 deditionem,
1025 3981 1051 4044 si
1075 3983 1248 4064 suppetiae
1266 3982 1328 4046 sibi
1351 4001 1418 4045 non
1440 3980 1603 4046 ferrentur
1623 3981 1708 4045 intra
1727 3981 1799 4044 dies
1822 3989 1893 4044 tot:

491 4101 525 4155 et
555 4093 715 4176 suppetiis
744 4094 1009 4172 aduentantibus,
1039 4094 1144 4175 pridie
1174 4094 1263 4175 pacti
1289 4093 1354 4156 diei
1386 4093 1543 4156 nunciant
1565 4093 1661 4171 hosti,
1684 4113 1720 4157 se
1742 4093 1893 4175 sequenti

437 4191 444 4203 ⁸
490 4212 589 4284 pacta
610 4204 665 4267 die
687 4204 831 4268 facturos
853 4205 1076 4269 deditionem:
1099 4225 1203 4286 quum
1219 4201 1270 4289 (ut
1285 4203 1374 4291 dico)
1393 4205 1553 4268 haberent
1576 4204 1702 4268 auxilia
1725 4205 1758 4268 in
1782 4225 1892 4280 manu,

627 4428 636 4457 ¹
655 4427 778 4479 Herodot.
790 4428 833 4477 lib.
846 4429 868 4477 8.
881 4445 903 4478 c.
916 4438 954 4492 75.
1103 4426 1113 4455 ¹
1129 4427 1195 4476 Plut.
1206 4427 1329 4478 Themist.
1477 4430 1487 4459 ⁸
1504 4429 1559 4478 Liu.
1570 4429 1614 4479 lib.
1627 4443 1666 4493 35.
1681 4446 1702 4480 c.
1716 4430 1754 4479 28.

555 4510 565 4540 ⁴
581 4511 669 4574 Polyb.
680 4511 725 4560 lib.
740 4524 776 4575 14.
789 4524 810 4559 c.
825 4525 846 4559 1.
956 4509 966 4539 ¹
984 4508 1072 4573 Polyb.
1084 4507 1128 4558 lib.
1142 4522 1163 4557 a.
1176 4523 1217 4571 43.
1314 4509 1324 4538 ⁰
1341 4509 1418 4562 Arist.
1433 4524 1453 4562 1.
1468 4512 1535 4577 Top.
1548 4527 1569 4561 1.
1668 4511 1678 4541 l
1695 4512 1770 4563 Simo.
1786 4525 1823 4560 12.

621 4593 631 4622 ⁸
647 4593 701 4642 Bal.
716 4606 738 4655 3.
750 4607 818 4643 cons.
833 4605 886 4641 121.
984 4593 994 4621 ⁹
1011 4591 1028 4641 l.
1042 4605 1080 4654 19.
1091 4590 1123 4640 de
1134 4591 1188 4641 aed.
1200 4590 1238 4641 ed.
1251 4591 1297 4654 (D.
1312 4607 1349 4642 21.
1364 4594 1404 4657 1),
1423 4593 1439 4644 l.
1453 4605 1490 4657 37.
1501 4595 1533 4645 de
1545 4595 1596 4645 dol.
1609 4595 1656 4658 (D.
1668 4610 1693 4657 4.
1707 4595 1744 4657 3).

1067 4671 1085 4702 ¹⁰
1103 4673 1158 4724 Ale.
1171 4687 1194 4736 5.
1207 4689 1274 4725 cons.
1286 4675 1327 4738 46.
