4498 5566
892 720 1221 786 PRAEFATIO.
1699 715 1761 778 xxi

362 956 412 1027 ob
437 973 594 1031 mortem
618 961 699 1034 eius
726 979 1008 1059 praematuram,
1034 963 1210 1038 uolumen
1237 964 1441 1038 secundum
1465 987 1541 1037 non
1565 961 1758 1036 excessit¹.

366 1081 437 1156 Est
455 1084 570 1159 editio
598 1085 659 1160 illa
684 1087 804 1162 sorma
830 1092 1065 1186 quaternaria
1083 1093 1232 1166 maiore.
1289 1091 1456 1165 Editoris
1483 1114 1594 1162 curae
1612 1112 1763 1184 prorsus

363 1231 498 1303 expers
524 1226 594 1298 est,
621 1229 669 1300 et,
700 1215 768 1288 nisi
796 1217 898 1311 quod
928 1233 1055 1290 textus
1081 1219 1161 1290 sine
1192 1215 1506 1291 contractionibus
1535 1213 1762 1311 exprimitur,

365 1332 480 1408 nihilo
495 1337 678 1431 prioribus
691 1340 920 1415 editionibus
934 1344 1206 1439 anteponenda.
1263 1342 1423 1440 Paginas
1437 1343 1555 1416 habet
1567 1363 1762 1414 ccccxxnn

415 1506 598 1600 Quartam
623 1538 724 1612 ergo,
748 1513 865 1600 lector
886 1514 1082 1602 beneuole,
1108 1517 1145 1588 in
1168 1517 1340 1589 manibus
1364 1516 1482 1590 habes
1506 1516 1617 1589 huius
1639 1514 1764 1611 operis

364 1633 589 1710 editionem:
617 1640 934 1728 antecedentibus
955 1657 997 1715 ut
1020 1667 1142 1738 spero,
1169 1657 1207 1715 et
1231 1640 1328 1716 lectu
1351 1640 1564 1727 faciliorem,
1584 1657 1622 1715 et
1646 1640 1764 1714 homi-

363 1758 472 1831 nibus
490 1760 549 1833 his
567 1763 700 1838 studiis
718 1766 854 1839 deditis
872 1767 1183 1852 commodiorem;
1212 1767 1249 1845 in
1266 1793 1341 1863 qua
1358 1768 1511 1863 quidem
1525 1765 1763 1850 conficienda,

365 1882 537 1980 ignoscas
558 1914 689 1984 precor
713 1890 754 1976 si,
777 1892 880 1987 quod
904 1893 940 1964 in
964 1918 1004 1965 re
1029 1892 1093 1966 tali
1119 1893 1215 1966 inter
1237 1891 1309 1966 alia
1333 1893 1486 1990 negotia
1507 1908 1682 1988 suscepta
1700 1891 1763 1962 uix

334 2085 337 2089 .
365 2010 496 2083 euitari
516 2029 650 2108 potest,
669 2016 857 2091 remissior
874 2015 1075 2113 aliquando
1093 2016 1205 2091 suerit
1222 2015 1415 2116 diligentia
1433 2033 1570 2104 nostra.

417 2238 525 2335 Opus
556 2241 674 2315 habes
705 2266 780 2316 non
815 2243 892 2316 suis
927 2258 1082 2330 tantum,
1113 2259 1154 2316 ut
1188 2244 1239 2316 ita
1275 2244 1404 2330 dicam,
1437 2243 1578 2316 uiribus
1612 2238 1764 2337 pollens

364 2388 494 2437 uerum
511 2364 562 2436 ob
580 2366 651 2440 hoc
669 2392 820 2463 quoque
839 2369 995 2465 insigne,
1013 2369 1115 2465 quod
1137 2370 1216 2442 eius
1235 2369 1416 2443 rationem
1435 2369 1515 2454 sibi,
1530 2369 1626 2440 sicut
1639 2366 1766 2439 arche·

310 2533 313 2540 ·
365 2508 506 2587 typum,
535 2490 572 2562 in
599 2491 707 2564 simili
735 2492 881 2589 incepto
908 2495 1158 2591 proposuisse,
1186 2518 1234 2566 ex
1264 2520 1320 2579 e0,
1349 2510 1527 2589 tanquam
1554 2518 1602 2566 ex
1628 2490 1766 2575 fodina,

366 2615 483 2690 multa
513 2617 549 2689 in
585 2642 693 2690 suum
728 2643 824 2714 opus
858 2619 1099 2706 transtulisse,
1135 2619 1283 2692 uidetur
1317 2617 1544 2693 clarissimus
1579 2616 1638 2691 ille
1671 2619 1767 2690 inter

366 2740 531 2815 Alberici
550 2741 766 2828 imitatores,
788 2741 907 2817 Huoo
926 2745 1109 2818 Gnosius.
1168 2743 1310 2829 Habes,
1332 2744 1453 2841 igitur,
1475 2742 1570 2816 luris
1587 2741 1766 2815 Gentium

367 2868 469 2964 quod
498 2868 611 2941 hodie
643 2867 679 2940 in
710 2893 779 2940 usu
813 2886 871 2943 est
907 2895 996 2944 uera
1030 2868 1271 2956 incunabula;
1312 2894 1410 2965 quae
1441 2868 1646 2942 secundum
1678 2865 1767 2939 illud

294 3053 296 3058 ,
367 2993 522 3068 ‘melius
549 3009 607 3094 est
638 3010 766 3091 petere
796 2994 919 3070 fontes
948 3022 1062 3093 quarn
1092 2998 1225 3071 sectari
1256 2994 1415 3082 riuuloS,'
1444 3019 1582 3092 operae
1606 2994 1766 3091 pretium

366 3122 437 3196 erit
454 3120 659 3196 accuratius
678 3119 913 3219 inuestigare.

1380 3315 1382 3320 ’
1469 3295 1516 3370 T.
1547 3293 1591 3368 E.
1622 3294 1672 3367 H.

468 3497 685 3573 Scribebam
705 3497 854 3586 Oxonii,

605 3620 691 3698 Kal.
711 3623 813 3720 Sept
832 3646 1095 3698 uocccnxxvn.

411 4069 421 4102 ¹
436 4068 536 4128 Primo
555 4065 697 4126 uolumini
715 4065 814 4126 insunt
833 4076 968 4126 tractatus
989 4064 1035 4125 Dc
1056 4065 1126 4124 Iure
1146 4065 1226 4124 Belli
1244 4076 1273 4126 et
1294 4063 1340 4124 Dc
1359 4065 1461 4125 Armis
1475 4063 1622 4137 Romami,
1637 4064 1767 4126 secundo

368 4175 595 4238 commentarius
610 4173 648 4233 ad
661 4173 775 4233 titulum
789 4173 833 4232 De
852 4173 1004 4233 Uerborum
1020 4173 1238 4252 Signzficatione.
