4522 5570
453 686 494 752 70
938 685 1141 738 Atatem
1169 684 1369 738 saumis

450 924 560 1005 ‘ignis
591 924 778 988 defenditur
807 939 915 1007 aegre.
953 926 1033 989 utile
1064 925 1211 990 finitimis
1242 925 1438 990 abstinuisse
1469 922 1587 988 locis¹.’
1641 923 1707 1005 Qui
1738 943 1851 986 uersus

451 1034 673 1116 prouerbiales
691 1044 725 1099 et
748 1037 781 1097 in
805 1036 867 1099 hoc
891 1045 986 1100 sunt:
1016 1047 1048 1102 et
1071 1038 1244 1120 prouerbia
1268 1037 1369 1100 fidem
1392 1036 1536 1118 aliquam
1557 1032 1711 1097 faciunt².
1757 1033 1851 1096 Facit

450 1142 513 1220 hic,
526 1146 616 1226 quod
632 1145 708 1208 licet
723 1147 823 1208 aedes
838 1145 988 1210 demoliri
1004 1148 1111 1225 uicini,
1124 1169 1164 1211 ne
1179 1149 1222 1212 ad
1240 1169 1298 1210 nos
1314 1148 1501 1210 incendium
1517 1146 1629 1209 ueniat
1639 1145 1661 1206 ³.
1700 1143 1744 1207 Et
1760 1145 1850 1226 quod

451 1254 494 1318 de
516 1256 618 1318 domo
640 1256 806 1336 pestilenti
829 1258 1014 1338 quaesitum
1037 1258 1216 1340 aliquando
1239 1259 1327 1321 idem
1351 1267 1401 1321 est
1425 1259 1484 1320 etsi
1506 1257 1548 1319 de
1570 1255 1633 1320 hoc
1656 1275 1850 1338 responsum

450 1377 564 1430 contra
588 1375 637 1430 est
646 1365 668 1431 ⁴.
715 1367 845 1431 Domus
867 1377 980 1432 tamen
1004 1369 1124 1433 insecta
1143 1369 1233 1451 lepra
1254 1368 1535 1432 subuertebatur⁶.
1582 1368 1627 1431 Et
1649 1368 1682 1429 in
1704 1367 1852 1448 pluribus

450 1480 497 1542 sic
513 1489 572 1555 est,
589 1488 625 1544 ut
641 1480 737 1543 liceat
753 1479 840 1544 male
855 1480 927 1543 aliis
945 1480 1062 1557 iacere,
1078 1502 1121 1544 ne
1136 1483 1230 1544 nobis
1248 1481 1333 1544 male
1352 1483 1394 1544 sit
1404 1481 1425 1544 ⁰.
1473 1479 1630 1543 Cauenda
1648 1479 1756 1541 omnis
1774 1498 1851 1542 con-

450 1589 541 1672 tagio
557 1598 615 1663 est,
632 1598 666 1652 et
686 1591 832 1654 maxime
847 1591 956 1655 uicini.
998 1590 1090 1654 Mala
1106 1592 1202 1654 uicini
1213 1591 1335 1673 ,populi
1352 1590 1503 1672 contagia
1520 1588 1665 1652 laedunt.
1707 1589 1850 1651 Romani

450 1701 544 1782 quasi
568 1701 766 1782 contagione
780 1703 926 1783 quadam
945 1699 997 1786 (ut
1020 1703 1126 1783 inquit
1148 1699 1277 1786 Florus)
1297 1703 1403 1764 ierunt
1427 1720 1485 1781 per
1507 1699 1662 1781 singulos
1681 1708 1714 1762 et
1738 1700 1850 1780 proxi-

451 1814 513 1875 mis
531 1813 716 1895 quibusque
738 1813 896 1894 correptis
915 1822 1022 1876 totam
1040 1814 1103 1876 sub
1121 1835 1156 1876 se
1176 1813 1306 1876 Italiam
1331 1813 1534 1894 redegerunt,
1553 1821 1586 1874 et
1609 1811 1765 1892 quicquid
1790 1811 1850 1872 irn-

449 1925 530 2005 perii
552 1922 769 1987 habueruntl.
815 1923 927 1987 ‘Ante
951 1924 1061 2005 ignem
1081 1944 1185 2006 uapor
1206 1925 1335 2001 camini,
1354 1933 1387 1986 et
1409 1919 1558 1985 fumus:’
1583 1920 1746 1985 Siracides
1769 1942 1850 2002 quo-

450 2056 514 2116 que
524 2032 546 2098 ⁸.
591 2034 620 2097 F
622 2055 733 2098 umum
751 2056 771 2098 a
786 2036 894 2098 uicino
912 2035 1070 2098 sentimus
1088 2035 1248 2113 incendio,
1265 2044 1297 2097 et
1314 2035 1379 2117 igni
1399 2015 1642 2114 exstinguendo
1659 2051 1723 2094 non
1739 2053 1850 2095 accur-

451 2164 569 2220 remuS,
586 2145 641 2208 ubi
658 2144 730 2209 est?
776 2147 987 2229 Rescriptum
1003 2156 1062 2225 est,
1078 2146 1174 2210 licere
1190 2147 1333 2223 cuilibet,
1350 2146 1433 2210 serre
1448 2146 1556 2209 uicino
1575 2165 1674 2226 opem
1693 2145 1851 2206 aduersus

451 2258 603 2321 iniuriam
612 2259 633 2322 ⁹.
664 2259 731 2321 imo
750 2258 865 2341 culpae
883 2278 1015 2340 quoque
1034 2259 1138 2322 uideri
1157 2259 1361 2341 participem,
1380 2259 1435 2340 qui
1460 2277 1525 2320 non
1548 2255 1727 2338 opituletur
1750 2257 1850 2318 etiam

451 2369 583 2433 inimico
601 2369 741 2452 capitali,
759 2372 859 2434 etiam
881 2380 996 2434 contra
1014 2391 1112 2452 opem
1132 2371 1266 2445 dicenti,
1283 2371 1405 2434 nedum
1426 2369 1614 2452 postulanti.
1660 2368 1713 2430 De
1732 2389 1798 2450 quo
1817 2375 1850 2430 et

452 2481 564 2544 notaui
580 2489 666 2559 ante,
683 2491 716 2545 et
732 2482 856 2545 notabo
870 2481 979 2546 adhuc
995 2483 1145 2563 sequenti
1162 2483 1279 2564 capite.

1037 2869 1125 2942 Cae.
1159 2868 1269 2942 XVl.

631 3071 690 3142 De
714 3069 869 3142 subditis
894 3069 1024 3141 alienis
1048 3077 1177 3140 contra
1202 3069 1407 3140 Dondnum
1432 3068 1668 3166 defendendis.

497 3269 667 3352 QUAERO,
682 3269 710 3332 si
726 3270 876 3333 subditos
894 3289 1027 3351 quoque
1045 3267 1171 3331 alienos
1195 3267 1402 3331 defendimus
1420 3270 1506 3331 iuste
1524 3279 1638 3332 contra
1657 3267 1852 3331 dominum?

452 3389 486 3444 et
502 3381 581 3462 quid
598 3381 625 3442 si
646 3380 746 3443 etiam
762 3380 884 3443 iniusta
904 3380 1083 3442 eorundem
1103 3398 1219 3441 caussa
1238 3377 1302 3442 sit?
1349 3379 1455 3442 Notat
1471 3378 1678 3452 Ambrosius,
1695 3389 1762 3442 tres
1778 3379 1852 3443 illos

452 3493 499 3555 ita
529 3492 656 3554 cauisse
686 3492 786 3568 Deos,
816 3491 942 3566 Iouem,
970 3491 1175 3572 Neptunum,
1203 3489 1387 3566 Plutonem,
1415 3512 1456 3554 ne
1489 3499 1645 3573 usurpata
1669 3490 1852 3554 alienarum

452 3604 596 3684 partium
612 3603 831 3666 sollicitudine
845 3602 969 3666 bellurn
986 3603 1071 3665 inter
1085 3621 1121 3663 se
1136 3609 1287 3682 gererent
1297 3599 1331 3664 ¹⁰.
1359 3585 1454 3664 ‘Non
1471 3600 1517 3664 illi
1534 3602 1709 3684 imperium
1725 3602 1852 3685 pelagi‚’

451 3724 513 3779 etc.
559 3713 680 3790 Etiam¹
694 3715 796 3792 aiunt,
813 3714 903 3777 ‘Nos
926 3713 982 3776 Dii
1003 3713 1165 3776 habemus
1185 3713 1281 3775 istam
1305 3712 1433 3796 legem:
1465 3734 1563 3776 nemo
1586 3714 1658 3777 uult
1684 3734 1853 3778 occurrere

451 3829 458 3857 ‘
475 3825 648 3908 cupiditati
663 3825 814 3902 uolentis,
829 3825 886 3888 sed
902 3826 1050 3889 cedimus
1065 3844 1194 3905 semper
1210 3823 1264 3886 alii
1281 3824 1353 3888 aliis
1362 3823 1404 3888 ¹¹.’
1450 3824 1545 3907 Quae
1560 3847 1581 3889 a
1599 3826 1852 3906 sapientissimis

452 3935 530 3999 uiris
560 3936 676 4014 efficta,
703 3945 736 3999 et
765 3937 808 3999 ad
837 3936 1003 4018 Principes
1030 3935 1063 3998 in
1087 3936 1181 3998 terris
1206 3937 1459 3999 accommodata
1483 3945 1568 4000 sunt.
1624 3934 1691 4000 Sed
1722 3947 1756 4000 et
1783 3937 1854 3999 sine

451 4048 593 4129 ambage
620 4046 686 4110 ulla
714 4046 875 4112 Corinthii
902 4048 948 4111 sic
972 4046 1149 4130 loquuntur
1172 4045 1325 4121 Athenis,
1345 4046 1492 4129 ‘Aperte
1515 4067 1684 4129 negamus,
1708 4046 1854 4128 aliquem

453 4317 461 4346 ¹
480 4318 538 4368 Oui.
550 4321 620 4367 Rem.
631 4319 689 4367 Am.
701 4317 758 4382 625.
813 4317 823 4345 ²
840 4318 916 4367 Arist.
931 4333 952 4365 1.
964 4317 1014 4365 Rh.
1028 4317 1071 4373 16;
1083 4317 1162 4382 Ceph.
1175 4333 1241 4368 cons.
1254 4319 1293 4366 82.
1346 4319 1355 4347 ⁸
1372 4318 1388 4368 l.
1401 4333 1440 4381 49.
1455 4318 1486 4367 de
1498 4318 1529 4368 le.
1541 4318 1589 4383 Aq.
1603 4317 1648 4381 (D.
1660 4332 1683 4381 9.
1698 4318 1740 4380 a);
1761 4315 1778 4365 l.
1792 4329 1813 4377 3.
1824 4315 1856 4365 de

452 4401 514 4452 inoe.
527 4401 573 4464 (D.
584 4411 624 4464 47.
636 4402 676 4466 9);
693 4401 711 4450 l.
724 4410 746 4463 7.
758 4399 826 4466 quod
837 4399 869 4448 ui.
882 4398 928 4460 (D.
940 4414 980 4462 43.
996 4400 1046 4462 24).
1242 4397 1252 4427 ⁴
1268 4401 1331 4450 Dec.
1345 4417 1412 4450 cons.
1425 4399 1482 4462 651.
1693 4399 1703 4429 ⁵
1719 4397 1800 4448 Leuit.
1817 4410 1853 4458 14.

632 4483 643 4512 ⁶
659 4483 676 4532 l.
690 4498 728 4548 29.
743 4483 786 4533 ubi
798 4482 832 4546 gl.
843 4481 874 4531 de
886 4481 915 4531 le.
927 4483 974 4547 Aq.
991 4480 1035 4543 (D.
1048 4498 1070 4547 9.
1083 4482 1116 4547 2).
1190 4481 1199 4510 l
1217 4483 1284 4532 Flor.
1297 4483 1341 4532 lib.
1357 4496 1378 4531 r.
1391 4499 1411 4532 c.
1426 4498 1450 4546 9.
1518 4481 1528 4511 ⁸
1545 4481 1612 4532 Eecl.
1626 4497 1665 4531 aa.

526 4566 536 4595 ⁰
553 4582 574 4617 c.
587 4566 610 4616 6.
623 4567 655 4616 de
666 4582 698 4616 se.
710 4582 761 4616 exc.
775 4565 806 4621 6;
819 4566 883 4629 Eug.
896 4580 962 4614 cons.
976 4580 1016 4630 90.
1160 4563 1178 4594 ¹⁰
1195 4565 1282 4614 Ambr.
1298 4581 1318 4614 1.
1330 4566 1361 4614 de
1374 4565 1421 4615 Off.
1437 4579 1474 4628 13.
1622 4565 1639 4594 ¹¹
1656 4566 1716 4615 Eur.
1728 4564 1791 4627 Hip.
