4498 5566
728 682 788 735 DE
816 683 920 737 IURE
948 681 1082 750 BELLI,
1114 683 1241 750 LIB.I,
1274 683 1361 740 CAP.
1384 684 1458 741 XII.
1750 688 1789 758 51

393 923 439 986 Et
461 922 525 986 hoc
547 922 672 987 bellum
692 924 939 990 adumbrauerit
959 925 1136 1003 Homerus
1156 925 1236 988 dum
1259 925 1292 987 in
1311 925 1433 990 Troiae
1455 926 1581 1009 campis
1603 947 1668 991 non
1686 928 1794 991 solum

392 1034 610 1099 Troianorum
629 1045 662 1100 et
681 1034 881 1100 Graecorum
900 1057 1038 1120 pugnas,
1056 1037 1114 1100 sed
1133 1046 1166 1099 et
1185 1057 1352 1119 aquarum,
1371 1047 1405 1101 et
1427 1036 1636 1102 flammarum
1659 1038 1765 1122 pingit
1774 1037 1794 1103 ¹.

393 1147 439 1210 Et
462 1146 589 1211 dehoc
613 1147 836 1230 Empedocles
858 1158 892 1213 et
911 1148 1098 1212 Heraclitus
1114 1148 1354 1211 disseruerunt:
1379 1158 1559 1228 censentes,
1574 1149 1699 1214 bellum
1723 1170 1796 1215 esse

393 1259 542 1322 omnium
569 1269 750 1340 parentem.
791 1261 904 1343 itaque
926 1260 1022 1324 amici
1049 1259 1139 1342 pacis
1160 1279 1225 1322 non
1246 1258 1346 1321 luisse
1366 1259 1502 1322 iudicati
1521 1270 1599 1324 sunt
1621 1282 1640 1324 a
1663 1261 1764 1344 uulgo
1772 1260 1796 1323 ².

396 1368 496 1432 ‘Non
513 1365 625 1448 uides,'
641 1370 746 1452 inquit
763 1369 899 1450 Seneca,
916 1374 1035 1453 ‘quarn
1054 1369 1216 1434 contraria
1234 1369 1319 1432 inter
1338 1389 1373 1432 se
1392 1367 1557 1434 elementa
1574 1368 1661 1434 sint?
1682 1372 1796 1452 grauia

394 1483 452 1544 ‘et
481 1478 568 1543 leuia
593 1490 688 1544 sunt:
724 1480 842 1563 frigida
872 1491 906 1545 et
936 1481 1061 1545 calida:
1096 1480 1234 1544 humida
1261 1489 1295 1545 et
1324 1481 1419 1545 sicca.
1456 1489 1529 1544 tota
1554 1480 1651 1545 huius
1681 1483 1795 1545 mundi

396 1592 593 1655 ‘concordia
614 1613 658 1655 ex
677 1593 882 1656 discordibus
903 1603 1032 1658 constat
1042 1589 1073 1658 ³.’
1120 1593 1166 1657 Et
1185 1592 1268 1657 haec
1289 1591 1405 1656 eadem
1424 1590 1511 1656 alii4.
1556 1592 1602 1655 Et
1621 1612 1697 1656 ecce
1714 1613 1796 1674 quo·

396 1724 460 1785 que
482 1725 591 1767 rerum
613 1705 760 1783 aliarum,
779 1707 908 1770 animae
931 1707 1119 1789 expertium
1138 1715 1171 1769 et
1194 1706 1421 1784 animantium,
1444 1707 1593 1769 omniurn
1620 1705 1796 1788 multiplex

396 1817 622 1899 repugnantia.
646 1826 683 1881 ut
705 1818 751 1881 sic
774 1818 898 1882 Plinius
918 1818 1020 1896 effert,
1038 1838 1138 1900 quarn
1162 1818 1275 1882 dicunt
1294 1816 1410 1881 Graeci
1430 1817 1647 1899 antipathiam
1658 1816 1679 1880 ⁵.

440 1928 510 1992 Sed
523 1947 599 1992 ecce
614 1927 771 2007 naturale,
783 1939 820 1993 ut
832 1931 1027 1994 dissentiant
1042 1929 1212 1993 homines:
1229 1939 1263 1993 et
1277 1928 1354 1992 hinc
1368 1927 1483 1992 bellat.
1507 1928 1553 1992 Et
1565 1948 1641 2008 ecce
1654 1927 1796 1992 Graecos

396 2059 416 2102 a
431 2038 578 2103 barbaris
592 2038 736 2104 alienos:
757 2039 931 2105 Hebraeos
942 2062 963 2104 a
977 2040 1172 2104 mortalibus
1184 2040 1315 2122 reliquis
1325 2039 1347 2103 ⁷.
1378 2039 1470 2103 Audi
1483 2038 1672 2121 Philippum
1685 2039 1796 2103 Mace-

397 2149 516 2214 doniae
545 2171 666 2232 regem,
692 2150 799 2215 ‘Cum
829 2151 1022 2234 alienigenis
1049 2160 1082 2215 et
1108 2150 1256 2214 barbaris
1286 2159 1457 2213 aeternum
1484 2150 1637 2213 omnibus
1663 2148 1798 2214 Graecis

397 2261 548 2325 ‘bellum
570 2272 628 2341 est,
646 2263 791 2344 eritque:
822 2273 939 2326 natura
959 2264 1057 2340 enirn,
1074 2282 1160 2345 quae
1181 2270 1342 2344 perpetua
1363 2270 1422 2338 est,
1441 2280 1507 2322 non
1531 2259 1744 2325 mutabilibus
1764 2261 1797 2323 in

399 2373 512 2437 ‘diem
535 2373 665 2451 caussis,
681 2373 795 2436 hostes
811 2383 887 2436 sunt
896 2371 927 2437 ⁸!
973 2372 1029 2437 Sic
1053 2372 1149 2436 Plato
1171 2372 1227 2448 ait,
1245 2392 1265 2434 a
1284 2380 1400 2434 natura
1421 2370 1556 2435 Graecis
1573 2370 1698 2435 bellum
1722 2389 1798 2434 cum

398 2482 546 2547 barbaris
554 2483 574 2548 ⁹.
619 2483 712 2547 Audi
732 2483 921 2562 Isocratem,
941 2484 1095 2547 ‘Barbari
1114 2492 1231 2547 natura
1249 2482 1344 2545 nobis
1362 2481 1495 2546 hostes:
1519 2492 1553 2546 et
1570 2493 1731 2564 perpetuo
1749 2483 1798 2545 in-

398 2594 588 2658 ‘sidiantun
634 2595 681 2659 Et
704 2615 764 2659 nos
788 2604 905 2658 natura
928 2597 975 2658 sic
997 2594 1071 2658 illos
1089 2595 1228 2671 odimus,
1244 2601 1281 2656 ut
1299 2591 1397 2656 nullis
1412 2593 1531 2657 fabulis
1550 2595 1656 2676 magis
1674 2594 1799 2676 gaude-

398 2713 526 2786 ‘amus,
541 2726 580 2771 ac
598 2707 759 2785 Troianis,
774 2715 808 2770 et
829 2706 974 2783 Persicis,
990 2706 1142 2788 equibus
1161 2705 1270 2770 clades
1289 2725 1402 2768 eorum
1421 2704 1662 2788 intelligamus?
1706 2704 1799 2768 Audi

401 2820 578 2884 Hecubam
593 2819 683 2901 apud
703 2817 907 2900 Euripidem,
924 2817 1125 2899 ‘Nunquam
1143 2818 1286 2880 amicum
1303 2816 1480 2880 barbarum
1498 2837 1604 2899 genus
1622 2816 1680 2881 fiet
1699 2814 1800 2880 Grae·

400 2930 487 2994 ‘cis'
532 2929 647 3012 Atque
662 2937 698 2993 tu
716 2927 916 2993 Graecorum
933 2948 1053 2992 nomen
1070 2948 1156 2992 nunc
1172 2927 1319 3011 intellige
1336 2948 1401 2991 non
1417 2927 1567 3006 nationis,
1583 2929 1641 2991 sed
1658 2927 1801 2992 rationis.

400 3050 437 3105 ut
459 3042 531 3123 ipse
554 3043 643 3105 idem
665 3040 797 3104 dicebat
821 3039 990 3103 Isocrates.
1036 3039 1102 3122 Qui
1126 3040 1214 3102 enirn
1238 3039 1364 3102 ratione
1386 3039 1527 3120 praediti
1551 3046 1628 3101 sunt
1648 3037 1801 3116 humana,

399 3151 433 3215 hi
455 3151 571 3218 Graeci
592 3159 688 3215 sunt:
711 3160 745 3214 et
763 3172 783 3215 a
801 3150 955 3229 barbaris,
974 3150 1037 3214 hoc
1056 3156 1107 3214 est
1127 3153 1170 3213 ab
1187 3149 1377 3214 hominibus
1399 3149 1582 3231 agrestibus
1605 3159 1638 3212 et
1660 3148 1802 3213 serarum

402 3272 546 3326 mentem
573 3262 772 3344 gerentibus
799 3261 934 3326 mirifice
960 3261 1130 3325 dissident.
1174 3261 1252 3324 ‘An
1278 3269 1314 3323 tu
1342 3259 1482 3322 maiores
1508 3257 1592 3322 ullas
1615 3259 1802 3324 inimicitias

400 3377 522 3456 ‘putas
540 3393 619 3451 esse,
635 3393 735 3456 quam
751 3373 930 3436 contrarias
948 3372 1121 3435 hominurn
1140 3372 1327 3449 sententias,
1344 3391 1381 3435 ac
1398 3369 1680 3434 dissimilitudines
1698 3372 1803 3435 studi·

402 3488 528 3564 ‘orum,
547 3494 581 3549 et
598 3480 880 3548 uoluntatum¹⁰?’
938 3483 1057 3548 Omnis
1078 3482 1210 3565 sapiens
1227 3483 1317 3545 omni
1336 3482 1439 3545 stulto
1456 3489 1636 3564 perpetuus
1658 3480 1762 3547 hostis
1771 3481 1803 3546 ¹¹.

403 3598 450 3660 sic
472 3616 539 3659 non
563 3605 679 3660 natura
701 3595 889 3659 distinxerit
912 3592 1012 3680 (esto)
1035 3595 1120 3658 inter
1141 3595 1293 3672 amicum,
1313 3602 1346 3656 et
1368 3592 1519 3656 hostem:
1549 3602 1583 3656 at
1607 3613 1715 3658 mores
1737 3595 1804 3658 dis·

402 3707 592 3771 tinxerunt:
623 3707 679 3788 qui
701 3706 807 3770 altera
829 3715 947 3770 natura
969 3714 1045 3769 sunt
1054 3703 1087 3770 ¹².
1133 3705 1178 3768 Et
1200 3704 1243 3767 ad
1261 3703 1343 3767 haec
1361 3701 1560 3768 Aristoteles
1579 3704 1666 3782 dicit,
1685 3713 1803 3766 natura

402 3819 469 3882 imo
491 3819 597 3883 factos
619 3818 776 3882 barbaros
797 3818 840 3881 ad
864 3818 1094 3881 seruiendum:
1125 3818 1237 3899 itaque
1261 3824 1294 3880 et
1317 3815 1439 3878 iustum
1462 3813 1586 3878 bellum
1609 3824 1724 3879 contra
1747 3835 1804 3878 eos

404 3953 483 4010 esse,
499 3941 532 3996 et
547 3931 641 4014 quasi
658 3930 868 3994 uenationem
884 3936 999 3993 contra
1014 3925 1141 3992 feras¹³.
1181 3927 1326 3992 Uenatio
1340 3924 1466 3989 bellum
1481 3934 1532 3989 est
1541 3923 1576 3988 ¹⁴.
1621 3925 1805 3989 Palestinos

404 4063 502 4125 porro
520 4041 686 4107 naturales
706 4041 821 4105 hostes
837 4039 968 4103 Iudaeis
991 4038 1131 4121 legimus
1139 4037 1174 4102 ¹⁶.
1217 4039 1264 4102 Et
1283 4036 1465 4102 Saracenos
1482 4035 1675 4101 naturaliter
1691 4031 1805 4102 hostes

404 4315 603 4382 ¹Ms.Tyr.16.
662 4314 738 4366 ¹P1u.
749 4315 823 4365 Dem.
836 4323 859 4362 et
870 4313 902 4364 de
914 4313 952 4362 In.
966 4314 1013 4362 An.
1029 4327 1058 4376 4;
1074 4311 1149 4378 Apul
1161 4311 1192 4362 de
1203 4311 1365 4375 mu.;ania.
1377 4310 1429 4360 Ios.
1489 4309 1807 4376 ’Sen.ult.Ns.Q.c27.

469 4399 657 4451 *claresce
672 4413 693 4451 1.
775 4397 981 4460 ‘Plin3aca
1063 4395 1138 4446 ‘Bal
1151 4394 1283 4458 5.deiust.
1296 4394 1338 4457 (D.
1353 4407 1374 4443 r.
1388 4393 1421 4458 1).
1504 4391 1624 4455 'Tac.5.
1637 4394 1704 4445 Hist.
1718 4407 1740 4458 5.

405 4482 662 4547 'Liu.lib.3r.c.29.
694 4478 1269 4543 ⁹1socr.Pana.conf.3;Pls.5.deRep.(p.47
1287 4477 1306 4539 ).
1340 4475 1422 4526 ¹⁰Cic.
1434 4475 1505 4528 Verr.
1517 4477 1689 4542 2.3.3;Apul.
1700 4477 1731 4527 de
1743 4476 1806 4527 Phil.

448 4565 464 4596 ¹¹
483 4565 538 4615 Phi.
551 4565 582 4614 de
593 4565 670 4615 Cons.
716 4563 733 4594 ¹¹
749 4564 809 4613 Dio.
821 4576 861 4628 41.
906 4563 924 4594 ¹⁸
941 4562 1017 4612 Arist.
1032 4561 1175 4624 1.Polit.7.
1189 4576 1211 4624 5.
1256 4559 1273 4590 ¹⁴
1290 4560 1354 4611 Xen.
1366 4560 1389 4609 8.
1400 4559 1476 4624 Cyro.
1489 4575 1509 4610 1.
1560 4560 1578 4590 ¹⁸
1593 4561 1657 4612 lose.
1669 4575 1692 4624 5.
1705 4561 1765 4609 Ant.

1074 4783 1138 4836 Ha
