4498 5566
461 728 505 796 54
951 725 1154 780 Arnsnrcr
1182 725 1382 780 GENTILIS

464 983 543 1028 uero
565 964 718 1047 loquatur
736 965 947 1048 Pomponius.
977 965 1068 1048 quod
1092 975 1127 1029 et
1149 965 1250 1029 uerba
1268 966 1370 1048 ipsius
1387 967 1576 1045 ostendunt,
1599 971 1727 1051 ‘neque
1749 968 1864 1034 foedus

464 1076 653 1140 ‘amicitiae
679 1097 778 1141 causa
802 1076 927 1141 factum
952 1073 1133 1140 habemus’
1178 1074 1312 1140 Scilicet
1335 1096 1401 1140 non
1424 1079 1467 1140 sit
1490 1079 1578 1156 satis,
1601 1078 1717 1144 foedus
1738 1080 1863 1146 factum

465 1188 526 1250 nisi
545 1197 580 1251 et
597 1188 641 1252 sit
658 1187 782 1252 factum
800 1187 966 1251 amicitiae
984 1206 1091 1251 causa.
1146 1187 1191 1251 Et
1209 1189 1255 1251 ita
1273 1207 1348 1251 curn
1368 1187 1553 1271 Pomponio
1570 1190 1683 1273 accipe
1702 1191 1758 1254 illa
1775 1194 1864 1274 apud

466 1297 611 1372 Festum,
625 1297 728 1362 ‘Cum
744 1297 875 1379 populis
890 1297 1009 1374 liberis,
1025 1308 1059 1362 et
1074 1294 1333 1376 confoederatis’
1349 1320 1415 1363 non
1431 1308 1544 1363 tamen
1560 1302 1725 1364 amicitiae
1740 1323 1865 1380 caussa,

464 1414 522 1474 ‘et
545 1428 620 1474 curn
639 1409 778 1491 regibus
802 1408 1040 1491 postliminium
1063 1409 1159 1472 nobis
1180 1419 1239 1487 est,
1255 1411 1303 1474 uti
1327 1430 1403 1474 cum
1420 1410 1589 1476 hostibus!
1633 1411 1750 1495 Atque
1766 1412 1864 1478 huius

464 1520 767 1598 confoederationis,
783 1541 869 1602 quae
886 1519 988 1583 habet
1007 1528 1138 1584 tantum
1159 1521 1378 1584 cessationem
1395 1541 1572 1601 armorum,
1588 1523 1744 1606 exempla
1764 1523 1864 1589 hodie

464 1631 559 1697 nobis
577 1650 653 1694 cum
669 1631 786 1695 Turcis
804 1640 890 1694 sunt.
936 1629 992 1695 Sic
1008 1631 1122 1694 domui
1138 1630 1335 1695 Austriacae
1354 1641 1388 1696 et
1407 1632 1489 1711 aliis,
1505 1643 1542 1696 ut
1560 1634 1648 1698 bella
1666 1636 1862 1714 desinerent,

462 1753 497 1810 et
512 1743 645 1825 publica
660 1742 825 1825 quaedam
841 1752 928 1806 esset
944 1762 1022 1825 pax,
1038 1751 1072 1805 et
1087 1742 1226 1805 cessatio
1241 1743 1284 1805 ab
1299 1742 1398 1806 armis
1414 1743 1478 1806 illis
1496 1744 1598 1822 iustis,
1613 1746 1646 1808 id
1663 1754 1713 1809 est
1728 1746 1862 1812 bellicis.

464 1864 609 1920 ceterum
632 1855 659 1916 si
680 1855 737 1935 qui
758 1853 866 1918 Turca
888 1853 931 1916 ad
954 1872 1015 1916 nos
1038 1852 1249 1934 peruenisset,
1267 1864 1325 1916 aut
1348 1853 1433 1918 inter
1455 1855 1725 1938 depopulandum
1747 1867 1864 1940 captus

463 1965 587 2042 fuisset,
602 1965 629 2028 is
649 1985 762 2030 seruus
780 1965 832 2030 sit.
878 1963 925 2028 Et
942 1972 1066 2040 contra,
1081 1963 1109 2026 si
1126 1962 1331 2028 Christianus
1346 1964 1389 2027 ad
1405 1963 1478 2029 illos
1496 1967 1706 2048 peruenisset.
1752 1967 1799 2031 Et
1817 1969 1863 2032 sic

464 2077 631 2159 impetrari
654 2076 736 2140 fides
759 2075 891 2158 publica
913 2073 1098 2138 securitatis
1120 2075 1272 2156 utrinque
1293 2074 1387 2139 solet.
1433 2075 1470 2140 Si
1488 2077 1544 2158 qui
1567 2087 1715 2141 nostrum
1736 2079 1863 2161 ingredi

462 2208 577 2254 eorum
595 2187 685 2265 fineS,
702 2196 759 2252 aut
774 2186 893 2269 aliquis
910 2205 1023 2249 eorum
1042 2185 1168 2266 ingredi
1187 2193 1316 2250 nostros
1334 2187 1423 2261 uelit,
1440 2187 1597 2269 exempla
1614 2188 1694 2253 olim
1712 2189 1863 2254 extitisse

463 2320 529 2362 non
552 2298 670 2364 dubito
693 2299 854 2372 Romanis
877 2317 952 2362 cum
976 2295 1160 2372 Germanis,
1179 2307 1213 2361 et
1236 2295 1374 2370 Parthis,
1395 2305 1429 2360 et
1452 2297 1630 2364 Lusitanis.
1675 2299 1763 2382 Quia
1786 2323 1863 2366 uero

462 2411 543 2474 illud
563 2411 691 2475 Proculi
711 2409 846 2474 solenne
864 2418 954 2472 erat:
987 2408 1128 2490 ideoque
1145 2407 1298 2488 generale
1315 2417 1415 2491 caput
1433 2408 1532 2473 initiis
1551 2408 1721 2474 foederum
1740 2414 1862 2495 apponi

462 2531 686 2600 consueuerat,
703 2522 889 2585 AMICITIA
910 2531 1021 2582 ESTO:
1052 2527 1227 2600 propterea
1247 2517 1404 2584 Proculus
1425 2540 1485 2585 nec
1504 2521 1667 2602 expressit
1685 2523 1728 2586 ad
1748 2523 1862 2588 foede·

464 2643 553 2697 ratos
564 2634 584 2697 ¹.
629 2632 680 2697 At
703 2631 913 2714 Pomponius,
933 2651 975 2694 ne
993 2628 1095 2693 uerba
1112 2649 1171 2693 sua
1189 2630 1232 2693 de
1251 2629 1383 2694 foedere
1402 2630 1526 2695 solenni
1545 2643 1748 2715 caperentur,
1765 2635 1800 2698 id
1819 2635 1861 2698 de

464 2765 529 2808 non
564 2744 710 2808 amicitia
746 2743 931 2824 exprimere
964 2739 1091 2804 habuit.
1137 2739 1304 2805 Uidelicet
1334 2749 1368 2804 et
1397 2741 1444 2804 sic
1475 2743 1546 2805 sine
1575 2743 1721 2806 amicitia
1751 2755 1861 2807 essent

462 2855 642 2938 aliquando
660 2854 804 2927 foedera,
819 2861 878 2916 aut
896 2871 953 2916 cur
967 2852 1012 2916 sic
1032 2851 1139 2915 dicere
1158 2850 1314 2916 uoluisset
1331 2851 1600 2916 iurisconsultus?
1645 2854 1691 2916 Et
1712 2854 1754 2918 de
1769 2855 1862 2918 iuris-

463 2965 620 3032 consultis
646 2965 697 3028 his
722 2964 889 3028 hactenus.
954 2962 1007 3025 De
1033 2982 1068 3025 re
1094 2962 1164 3044 ipsa
1190 2963 1237 3026 sic
1267 2963 1533 3044 respondendum
1564 2964 1702 3028 uidetur.
1741 2985 1812 3028 esse
1841 2986 1862 3028 a

462 3078 589 3142 ratione
607 3085 780 3151 remotum,
796 3084 833 3138 ut
851 3075 884 3138 in
903 3073 1034 3157 publica
1053 3092 1133 3154 pace
1156 3073 1198 3136 sit
1221 3074 1356 3154 priuatis
1374 3073 1499 3136 iniuriis
1516 3072 1616 3138 locus.
1662 3075 1708 3138 Et
1727 3076 1861 3157 quidem

461 3189 667 3254 barbaricam
687 3187 851 3252 feritatem
873 3185 986 3249 dicunt
1007 3183 1106 3267 leges,
1124 3193 1158 3248 et
1176 3184 1336 3261 iniuriam,
1354 3193 1392 3248 ut
1409 3184 1491 3248 citra
1512 3183 1635 3248 bellum
1654 3187 1727 3267 quis
1748 3205 1862 3250 seruus

462 3299 552 3365 fiatt.
598 3299 644 3364 Et
667 3301 778 3381 itaque
803 3316 869 3360 non
891 3304 1062 3378 receptum
1084 3305 1200 3378 postea
1222 3296 1265 3359 sit
1283 3295 1333 3359 ius
1353 3293 1404 3380 (ut
1423 3296 1572 3360 Bodinus
1589 3293 1705 3381 tradit)
1727 3306 1862 3379 propter

462 3413 553 3476 illam
571 3431 657 3494 quae
678 3409 804 3473 homini
825 3427 900 3472 cum
924 3406 1059 3471 homine
1083 3407 1253 3471 intercedit
1279 3405 1495 3470 humanitatis
1522 3407 1682 3471 rationem
1693 3405 1715 3471 ³.
1760 3407 1859 3490 Quod

461 3533 574 3586 tamen
597 3521 640 3586 de
662 3541 728 3584 non
752 3527 884 3601 recepto
906 3519 975 3582 iure
996 3538 1063 3581 non
1086 3517 1193 3582 uideo.
1239 3517 1307 3581 Sed
1330 3517 1364 3580 id
1387 3526 1439 3581 est
1461 3518 1550 3599 quod
1570 3517 1765 3599 quaerimus,
1785 3527 1822 3582 ut
1839 3538 1860 3581 a

462 3642 579 3697 natura
600 3631 725 3696 bellurn
748 3651 820 3696 esse
842 3629 969 3693 nullum
993 3629 1182 3693 sentiamus.
1228 3628 1274 3693 Et
1296 3638 1347 3692 est
1368 3627 1436 3692 fere
1453 3649 1473 3692 a
1492 3637 1609 3692 natura
1630 3636 1742 3692 tamen
1766 3629 1860 3693 nobis

461 3765 536 3810 cum
552 3744 678 3819 Turcis,
695 3750 732 3806 ut
751 3741 885 3806 Graecis
903 3759 978 3806 cum
996 3739 1142 3804 barbaris
1157 3739 1227 3805 fuit.
1272 3739 1358 3804 Cum
1378 3739 1552 3806 Saracenis
1567 3737 1614 3825 (hi
1633 3738 1774 3826 Turcae)
1790 3741 1860 3805 bel-

460 3856 530 3920 lum
546 3855 641 3918 nobis
656 3852 923 3918 irreconciliabile
932 3851 954 3916 ⁴.
985 3873 1060 3917 cum
1076 3851 1148 3916 aliis
1164 3851 1310 3916 externis
1325 3860 1403 3915 sunt
1418 3851 1519 3914 etiam
1537 3853 1753 3917 commercia:
1773 3861 1860 3916 certe

461 3987 527 4030 non
550 3978 601 4031 est
623 3964 757 4030 bellum.
815 3964 895 4028 Non
919 3973 969 4028 est
991 3963 1116 4028 bellum
1139 3970 1274 4046 propter
1289 3960 1490 4043 religionem,
1506 3982 1572 4025 non
1595 3983 1615 4028 a
1637 3972 1764 4040 natura,
1784 3983 1859 4028 cum

460 4078 532 4142 aliis
548 4085 581 4142 et
597 4097 704 4158 neque
719 4097 794 4142 curn
810 4075 935 4142 Turcis.
982 4075 1049 4141 Sed
1070 4084 1122 4140 est
1141 4096 1218 4140 cum
1232 4073 1349 4138 Turcis
1366 4072 1509 4137 bellum:
1533 4073 1610 4156 quia
1628 4074 1673 4137 illi
1696 4074 1806 4138 ferunt
1824 4095 1860 4138 se

461 4188 556 4253 nobis
585 4187 707 4264 hostes,
733 4197 767 4254 et
796 4188 891 4252 nobis
922 4187 1125 4251 insidiantur.
1163 4185 1258 4249 nobis
1288 4183 1472 4248 imminent.
1511 4194 1622 4250 nostra
1648 4186 1780 4267 rapiunt
1802 4205 1862 4267 per

459 4319 594 4364 omnem
619 4297 802 4381 perfidiam,
824 4319 927 4381 quum
949 4307 1097 4380 possunt,
1119 4315 1257 4379 semper.
1304 4295 1360 4362 Sic
1383 4296 1469 4360 iusta
1490 4315 1622 4378 semper
1643 4316 1757 4361 caussa
1780 4294 1859 4359 belli

459 4531 467 4560 ¹
486 4531 560 4580 Briss.
572 4548 595 4592 ⁴·
607 4531 636 4580 de
648 4529 733 4579 Form.
769 4527 869 4576 ’Iult
881 4527 911 4578 C.
922 4526 954 4575 de
965 4532 1028 4589 post.
1041 4526 1076 4591 (8.
1091 4527 1174 4590 51);l.
1190 4528 1384 4593 19D.decapt.
1393 4530 1439 4593 (D.
1448 4532 1548 4595 45.r5).
1582 4527 1670 4576 ⁸Bod.
1684 4540 1706 4576 I.
1718 4527 1749 4577 de
1760 4529 1822 4592 Rep.
1838 4545 1859 4591 7.

851 4609 860 4638 ⁴
877 4609 949 4658 Alex.
964 4618 986 4673 7.
998 4625 1065 4660 cous.
1082 4623 1145 4672 130;
1163 4610 1247 4662 Cuiac
1261 4627 1282 4662 c.
1298 4627 1335 4662 II.
1346 4613 1378 4662 de
1389 4612 1467 4664 Testi.
