4522 5570
470 741 512 803 68
956 755 1159 808 ALBERICI
1186 755 1386 809 GENTILIS

469 1007 619 1080 superest
642 998 861 1080 magistratus,
884 1001 940 1078 qui
963 998 1073 1063 ulcisci
1097 1001 1299 1082 priuatorum
1326 1000 1458 1062 iniurias
1481 1009 1514 1063 et
1538 998 1713 1063 emendare
1746 996 1868 1059 damna

470 1119 591 1192 potest.
623 1119 666 1187 at,
682 1110 737 1190 qui
757 1110 889 1172 iniurias
913 1119 945 1173 et
962 1111 1083 1174 damna
1105 1112 1290 1194 principum
1309 1112 1436 1187 sarciat,
1452 1111 1560 1173 nullus
1576 1118 1635 1188 est,
1650 1109 1711 1172 nisi
1735 1109 1761 1170 is
1780 1107 1868 1170 idem

470 1221 632 1303 princeps,
656 1220 711 1301 qui
735 1230 810 1302 post
834 1219 926 1283 malit
954 1221 1042 1283 malo
1073 1222 1268 1285 medicinam
1292 1220 1383 1299 ferre,
1406 1242 1506 1303 quam
1529 1241 1549 1283 a
1572 1219 1732 1302 principio
1758 1216 1868 1300 prohi-

469 1331 548 1394 bere
570 1330 638 1394 fieri
662 1331 795 1394 malurn.
842 1332 937 1395 Haec
960 1353 1045 1396 uera.
1091 1331 1159 1397 Sed
1183 1343 1217 1395 et
1240 1333 1320 1396 illud
1343 1344 1438 1415 potes
1461 1353 1535 1397 cum
1561 1332 1676 1408 Baldo,
1695 1330 1784 1412 quod
1808 1328 1868 1392 etsi

469 1440 552 1506 haec
570 1462 647 1505 uera
671 1462 736 1504 non
760 1452 870 1505 essent
893 1465 937 1506 ex
959 1443 1168 1526 philosophia
1186 1445 1400 1522 iudiciorum;
1423 1464 1509 1526 quae
1527 1445 1569 1507 de
1589 1442 1777 1506 necessariis
1798 1450 1868 1504 est:

470 1561 547 1617 sunt
563 1561 651 1616 certe
666 1573 744 1616 uera
759 1573 802 1616 ex
819 1553 1027 1636 philosophia
1043 1575 1170 1618 morum
1185 1576 1192 1633 ;
1211 1575 1296 1637 quae
1312 1564 1362 1618 est
1377 1555 1419 1617 de
1435 1555 1597 1636 persuasis
1607 1552 1627 1632 ¹,
1644 1563 1677 1616 et
1692 1573 1793 1635 quam
1809 1572 1869 1614 nos

470 1663 636 1745 sequimur
654 1662 898 1745 philosophiam
920 1665 952 1727 in
971 1674 1044 1728 toto
1065 1664 1128 1729 hoc
1151 1673 1301 1728 tractatu.
1347 1663 1559 1746 Philosophia
1581 1665 1773 1728 iudiciorum
1797 1682 1870 1746 per-

471 1775 583 1854 mittit,
601 1784 634 1838 et
657 1795 693 1838 se
712 1776 820 1857 ipsum
845 1776 1018 1858 negligere.
1079 1777 1128 1840 Ut
1152 1776 1275 1840 Baldus
1297 1777 1418 1840 scribit.
1463 1775 1563 1858 Quod
1588 1778 1613 1838 si
1637 1783 1870 1858 praetereant

470 1886 590 1949 accidit
605 1885 672 1948 fere
693 1906 832 1968 semper,
847 1887 913 1950 alia
928 1907 1042 1950 caussa
1061 1886 1211 1970 specialis
1227 1888 1413 1968 adiungitur
1429 1885 1504 1951 huic
1518 1885 1663 1969 generali
1679 1885 1869 1958 honestatis,

470 1996 514 2060 ad
529 1996 686 2060 iustitiam
701 1997 837 2061 accedet
853 2018 967 2062 caussa
983 2000 1128 2081 propius.
1166 1999 1254 2062 Sane
1270 2018 1347 2061 uera
1368 1997 1410 2060 sit
1431 2018 1490 2080 per
1505 2018 1557 2061 me
1573 1997 1744 2075 sententia,
1765 1995 1870 2059 solam

469 2105 556 2171 hanc
578 2105 761 2171 honestatis
784 2129 931 2171 caussam
950 2108 1097 2173 fortassis
1114 2129 1294 2191 numquam
1313 2129 1514 2190 quemquam
1533 2107 1702 2191 impulisse
1720 2107 1753 2170 in
1773 2107 1870 2169 istam

471 2217 696 2283 defensionem
715 2218 899 2283 honestam.
946 2221 1035 2284 Uere
1053 2221 1175 2284 dixerit
1195 2221 1414 2284 Guicciardini
1432 2241 1478 2298 οε,
1501 2221 1681 2302 principem
1705 2219 1871 2282 neminem

471 2340 698 2412 suscepturum
715 2351 774 2414 pro
791 2331 917 2396 Pisanis
932 2331 1067 2408 bellum,
1085 2333 1145 2395 nisi
1161 2333 1342 2414 eupiditate
1358 2332 1529 2395 inductum
1546 2331 1626 2395 lucri
1645 2332 1694 2394 sui
1704 2329 1725 2394 ².
1769 2329 1871 2393 Atta-

472 2463 548 2505 men
566 2442 599 2506 id
619 2443 820 2525 principibus
836 2453 885 2507 est
901 2444 1164 2526 ignominiosum,
1181 2454 1214 2507 et
1229 2445 1386 2508 iustitiam
1404 2463 1470 2506 non
1485 2444 1580 2525 sapit.
1626 2442 1742 2505 Malim
1759 2450 1870 2504 autem

472 2573 548 2616 cum
573 2552 686 2616 Leone
710 2553 916 2638 philosoph0,
939 2558 1120 2620 ‘Nouimus
1143 2577 1266 2639 paucos
1284 2556 1467 2619 admodum
1491 2575 1621 2618 seruare
1643 2574 1758 2616 uerum
1780 2573 1872 2617 amo·

473 2667 586 2741 ‘rem;
609 2663 743 2746 eiusque
762 2666 857 2728 unius
874 2667 981 2748 gratia
1000 2668 1043 2730 ad
1061 2667 1291 2749 opitulandum
1311 2665 1500 2729 calamitate
1523 2664 1690 2747 implicitis
1713 2665 1871 2729 excitari:

473 2779 611 2838 ‘contra
641 2785 754 2838 autem
781 2776 878 2859 longe
905 2779 1089 2841 maximum
1117 2799 1187 2842 esse
1215 2798 1386 2841 numerum
1413 2776 1560 2854 aliorum,
1582 2777 1638 2859 qui
1661 2796 1720 2859 spe
1746 2774 1871 2858 aliquid

473 2889 481 2920 ‘
497 2886 704 2949 nanciscendi
720 2887 763 2949 ad
779 2887 940 2951 auxilium
955 2889 1132 2970 indigentis
1147 2889 1309 2953 accedunt
1321 2888 1351 2952 ³!
1389 2888 1487 2971 Quod
1504 2888 1607 2951 lenius
1622 2898 1672 2952 est
1687 2865 1823 2965 dictum,
1839 2896 1873 2951 et

474 3006 556 3081 puto
571 2998 686 3061 uerius.
732 2997 783 3061 At
798 3019 860 3080 ego
875 2999 964 3063 aliud
981 3020 1112 3081 quaero.
1157 3000 1280 3064 ‘Plena
1299 3010 1348 3064 est
1367 3001 1499 3078 iustitia,
1514 3021 1600 3082 quae
1618 2999 1766 3064 defendit
1786 2997 1874 3061 infir·

475 3108 588 3173 ‘mos’
619 3108 674 3173 Sic
689 3108 896 3188 Ambrosius
909 3120 942 3174 et
957 3112 1006 3176 ius
1022 3114 1215 3176 canonicum
1225 3112 1247 3177 ⁴.
1279 3113 1325 3176 Et
1341 3133 1402 3195 ego
1419 3114 1516 3177 istam
1533 3113 1690 3176 iustitiam
1707 3133 1840 3194 quaero.

519 3219 564 3282 Et
580 3219 723 3283 Romani
740 3240 890 3283 caussam
906 3220 990 3286 hanc
1006 3222 1078 3287 aliis
1094 3225 1216 3288 caussis
1231 3225 1461 3300 obtexuerunt,
1478 3244 1650 3306 perquam
1666 3232 1875 3286 mouerentur

474 3352 573 3414 saepe
599 3332 642 3394 ad
666 3331 753 3396 bella
779 3333 995 3415 suscipienda.
1042 3335 1220 3399 Manifesta
1242 3332 1361 3420 (inquit
1385 3331 1578 3419 Dionysius)
1602 3333 1772 3399 Samnitici
1795 3333 1873 3396 belli

474 3462 590 3507 caussa
604 3443 751 3507 defensio
768 3443 992 3509 Lucanorum:
1008 3467 1093 3529 quae
1108 3447 1289 3510 honestatis
1305 3447 1447 3528 speciem
1459 3445 1605 3523 haberet,
1615 3455 1772 3528 tanquam
1785 3465 1874 3509 com-

475 3556 583 3618 munis
604 3564 639 3617 et
661 3555 767 3637 patria
791 3556 1018 3619 Romanorum
1035 3560 1246 3635 consuetudo,
1263 3559 1302 3620 iis
1322 3557 1475 3640 opitulari
1499 3558 1555 3638 qui
1576 3559 1618 3620 ad
1642 3579 1698 3621 eos
1720 3556 1875 3640 confuge-

475 3673 556 3729 rent.
585 3666 642 3728 sed
662 3664 801 3744 occulta,
823 3676 855 3730 et
878 3688 963 3748 quae
980 3670 1084 3752 magis
1103 3670 1250 3752 cogebat,
1266 3669 1327 3732 fuit
1347 3689 1467 3751 magna
1486 3667 1687 3732 Samnitium
1704 3670 1874 3750 potentia:

475 3785 509 3841 et
521 3775 629 3840 futura
642 3777 753 3851 maior,
767 3778 794 3839 si
812 3777 935 3841 Lucani
952 3779 1078 3845 subacti
1094 3781 1231 3845 fuissent
1241 3781 1262 3846 ⁵.
1310 3781 1364 3846 Sic
1381 3781 1468 3844 utilis
1484 3781 1566 3844 ratio
1576 3779 1701 3844 latens:
1725 3781 1875 3862 adeoque

476 3889 547 3951 uisa
569 3908 629 3952 nec
651 3889 696 3951 ita
717 3889 829 3974 prqba,
853 3899 888 3954 ut
912 3891 1050 3955 honesta
1073 3902 1131 3957 est.
1178 3893 1224 3956 Et
1246 3902 1359 3957 tamen
1382 3891 1496 3954 utilem
1521 3912 1652 3973 quoque
1676 3891 1815 3973 probam
1841 3899 1875 3955 et

475 4001 595 4063 iustam
621 4000 769 4063 dicimus,
815 4001 861 4064 Et
877 4003 991 4066 iustior
1008 4004 1111 4067 altera
1130 4025 1188 4086 per
1205 4005 1344 4067 alteram
1363 4003 1509 4066 efficitur.
1548 4023 1626 4084 ergo
1644 4003 1723 4085 quid
1743 4004 1769 4065 si
1786 4001 1875 4065 chari

477 4110 579 4184 nobis,
597 4131 679 4191 quos
695 4112 835 4174 uelimus
850 4113 1049 4178 defendere?
1084 4116 1222 4196 Propter
1236 4116 1416 4192 caritatem,
1432 4114 1715 4191 necessitudinem,
1730 4134 1796 4195 qua
1810 4111 1876 4176 alia

477 4222 603 4287 ratione
614 4242 680 4285 non
691 4223 801 4287 omitti
814 4224 1049 4303 defensionem,
1063 4225 1226 4308 Ulpianus
1237 4228 1284 4292 ait
1294 4227 1315 4289 ⁶.
1359 4224 1394 4287 A
1406 4235 1522 4288 natura
1534 4234 1584 4288 est
1600 4224 1746 4288 defensio
1761 4245 1875 4288 eorum

478 4525 894 4593 ¹Bnl.l.roC.deop.li.(8.12).
940 4526 1121 4578 ²Guic.lib.r.
1163 4529 1368 4592 ³1e0.Nou.4o.
1414 4527 1640 4580 ‘Ambadeoii
1654 4539 1763 4590 273e5.
1778 4539 1839 4592 23q.
1852 4541 1875 4588 3.

610 4610 619 4638 ⁵
635 4611 710 4659 Dion.
723 4612 775 4659 Exc
794 4609 825 4660 de
839 4613 911 4674 lega.
925 4613 961 4674 (p.
976 4612 1043 4674 742).
1207 4610 1218 4640 ¹
1236 4610 1251 4660 l.
1267 4625 1288 4673 5.
1300 4612 1350 4676 qui.
1362 4629 1399 4660 ex.
1412 4628 1448 4662 ca.
1461 4611 1485 4660 in
1497 4627 1539 4676 po.
1551 4627 1587 4660 ea.
1602 4611 1645 4674 (D.
1656 4625 1695 4673 4²·
1708 4611 1744 4672 4).
