4522 5570
490 755 529 820 72
973 738 1175 808 ALaEnlcr
1203 755 1403 808 cansrrtrs

488 996 496 1024 ‘
512 993 708 1073 cohaereret,
725 996 877 1060 intercisa
896 996 972 1059 iuris
986 997 1122 1060 humani
1138 998 1278 1061 societas
1292 997 1441 1060 abscidit.
1483 996 1519 1061 Si
1536 1017 1601 1059 non
1617 997 1757 1078 patriam
1775 1015 1883 1057 meam

488 1099 693 1188 ‘impugnat
714 1107 773 1170 sed
793 1128 871 1170 suae
891 1109 999 1190 grauis
1027 1118 1085 1187 est,
1108 1117 1142 1173 et
1164 1109 1328 1190 sepositus
1349 1129 1369 1172 a
1392 1129 1466 1172 mea
1487 1119 1588 1191 gente
1610 1128 1703 1172 suam
1727 1106 1885 1188 exagitat,

487 1217 652 1281 ‘abscidit
675 1217 885 1282 nihilominus
905 1219 997 1282 illum
1020 1228 1113 1284 tanta
1132 1221 1277 1303 prauitas
1300 1220 1410 1284 animi.
1442 1221 1542 1283 etiam
1567 1220 1593 1283 si
1621 1240 1687 1283 non
1710 1218 1886 1295 inimicum,

487 1327 653 1391 ‘inuisum
675 1329 754 1392 mihi
776 1330 894 1395 efficit:
925 1332 1078 1413 priorque
1101 1331 1191 1406 mihi,
1209 1351 1248 1396 ac
1270 1332 1380 1414 potior
1398 1331 1466 1395 eius
1488 1331 1585 1395 officii
1608 1331 1691 1394 ratio
1714 1339 1773 1407 est,
1795 1328 1885 1410 quod

488 1439 655 1503 ‘humano
670 1441 790 1521 generi,
808 1461 909 1522 quam
932 1443 1022 1524 quod
1038 1443 1094 1505 uni
1113 1441 1285 1506 hominum
1304 1441 1410 1506 debeo
1419 1441 1449 1505 ¹.'
1496 1441 1552 1506 Sic
1570 1462 1659 1518 sane,
1675 1450 1732 1504 aut
1747 1440 1885 1502 facimus

487 1550 688 1632 principibus
706 1572 822 1615 omnes
840 1551 990 1616 homines
1007 1553 1151 1617 alienos:
1176 1553 1202 1616 si
1218 1554 1402 1629 statuimus„
1418 1573 1473 1616 eos
1489 1572 1586 1634 posse
1601 1572 1660 1634 pro
1676 1552 1771 1615 libitu
1786 1571 1885 1634 agere

488 1670 522 1724 et
537 1680 598 1742 pro
614 1660 758 1727 libidine.

532 1771 621 1853 Quid
648 1792 742 1852 nunc,
766 1773 793 1836 si
820 1783 870 1837 est
893 1795 1007 1839 caussa
1027 1776 1234 1840 subditomm
1254 1771 1393 1838 iniusta?
1424 1783 1457 1838 et
1479 1773 1533 1837 hic
1556 1782 1677 1857 negant
1699 1771 1887 1854 supradicti,

487 1892 638 1965 oportere
661 1883 787 1948 iniustis
805 1884 919 1948 alienis
937 1886 1077 1950 subditis
1094 1886 1220 1951 auxilio
1236 1907 1316 1950 esse.
1343 1906 1385 1948 ne
1400 1885 1481 1967 quis,
1497 1885 1542 1948 sic
1561 1885 1714 1962 iuuando,
1729 1891 1886 1965 prouocet

487 1994 576 2058 idem
589 1995 638 2057 ius
650 1995 683 2057 in
696 2015 832 2078 regnum
845 2017 949 2061 suum.
968 1998 1058 2080 quod
1069 2008 1167 2062 antea
1181 1996 1352 2062 Corinthii.
1377 1998 1477 2060 etiam
1488 2005 1601 2061 censet
1613 1995 1885 2072 Aristoteles,nec

488 2115 617 2188 patrem
633 2109 812 2171 amandum
828 2127 976 2190 prauum,
992 2130 1052 2173 nec
1067 2110 1247 2174 iuuandum
1263 2110 1386 2173 auxilio
1398 2107 1419 2174 ².
1466 2106 1621 2172 Cetemm
1644 2107 1707 2172 hoc
1726 2109 1769 2172 de
1790 2115 1885 2188 patre

487 2216 606 2280 salsum
631 2228 689 2282 est.
713 2227 749 2282 ut
773 2219 805 2281 in
829 2218 1053 2302 disputatione
1074 2222 1219 2303 quadam
1235 2221 1342 2285 docui.
1359 2230 1392 2284 et
1408 2220 1492 2284 sorte
1513 2229 1562 2283 est
1578 2220 1693 2298 uerius,
1710 2217 1842 2282 delendi
1866 2238 1886 2280 a

487 2330 580 2393 nobis
596 2350 693 2411 posse
711 2330 800 2395 bello
819 2331 881 2394 hos
898 2352 1038 2414 quoque,
1056 2333 1112 2415 qui
1130 2344 1206 2396 sunt
1221 2333 1339 2398 iniusti.
1395 2331 1431 2397 Si
1450 2332 1537 2395 enim
1556 2332 1677 2395 iustum
1697 2338 1746 2393 est
1761 2329 1885 2392 bellum

486 2442 575 2524 quod
589 2451 638 2507 est
653 2443 695 2506 ad
712 2442 860 2506 iniuriam
876 2444 1141 2526 propulsandam,
1157 2444 1219 2509 etsi
1230 2445 1263 2507 hi
1276 2446 1331 2530 qui
1344 2445 1492 2508 iniuriam
1508 2442 1703 2526 propulsant
1715 2441 1777 2523 ipsi
1793 2461 1886 2504 caus·

486 2573 559 2615 sam
572 2552 659 2616 bello
672 2552 849 2618 dedemnt:
866 2555 997 2618 uidetur
1008 2555 1095 2619 idem
1108 2577 1206 2638 posse
1218 2557 1372 2620 constitui
1385 2555 1417 2618 in
1430 2554 1619 2619 defensione
1630 2551 1885 2630 aliomm,etiam

488 2664 704 2738 subditorum,
720 2672 855 2745 propter
870 2665 1010 2728 eandem
1026 2667 1197 2731 rationem.
1242 2667 1293 2729 Ea
1308 2665 1431 2730 scilicet
1451 2674 1502 2728 est
1518 2665 1551 2727 in
1567 2662 1655 2727 bello
1669 2663 1833 2744 iniquitas,
1849 2670 1886 2725 ut

487 2775 576 2838 idem
594 2775 656 2837 sibi
673 2775 707 2837 in
729 2796 788 2838 sua
806 2795 921 2839 caussa
939 2776 989 2838 ius
1011 2776 1109 2854 dicat,
1132 2787 1219 2841 certe
1240 2778 1348 2841 dicere
1368 2777 1457 2841 uelit.
1501 2776 1578 2859 Quo
1601 2784 1777 2858 praetextu
1801 2773 1884 2837 alius

489 2887 639 2968 princeps
654 2887 758 2967 possit
772 2886 934 2950 auxilium
949 2896 1063 2951 contra
1075 2887 1165 2961 serre,
1183 2898 1219 2951 ut
1234 2889 1359 2951 ciuilius
1375 2909 1425 2952 res
1440 2888 1510 2951 sine
1525 2887 1624 2950 armis
1639 2896 1886 2968 componantur.

489 2998 596 3079 quue
614 2998 694 3062 illud
714 3006 772 3077 est,
787 3000 876 3080 quod
893 2999 1035 3080 Pyrrhus
1057 2999 1182 3063 auxilio
1200 3020 1303 3081 quum
1318 3001 1462 3063 uenisset
1477 2999 1664 3062 Tarentinis
1679 3008 1793 3062 contra
1817 2998 1885 3060 Ro-

489 3130 613 3183 manos,
626 3109 687 3173 hos
703 3111 829 3172 monuit
844 3111 942 3192 prius
960 3121 996 3173 ut
1012 3131 1070 3192 per
1084 3131 1178 3173 suam
1194 3130 1329 3193 operam
1349 3109 1590 3190 controuersiae
1608 3131 1683 3174 curn
1699 3110 1885 3181 Tarentinis

489 3222 638 3302 expediri
654 3219 777 3284 uellent
787 3220 809 3284 ³.
846 3221 940 3284 Licet
959 3241 1019 3285 nec
1035 3223 1145 3304 inique
1159 3222 1343 3286 auscultare
1359 3224 1426 3304 regi
1445 3223 1618 3286 noluerunt
1635 3223 1798 3287 Romani:
1827 3229 1885 3285 aut

488 3334 566 3415 quia
583 3333 705 3396 habere
720 3353 796 3396 eum
815 3343 1005 3415 suspectum
1028 3333 1145 3397 merito
1160 3341 1347 3415 potuerunt,
1367 3335 1560 3398 accersitum
1578 3335 1622 3398 ab
1637 3334 1795 3413 hostibus,
1811 3352 1886 3397 cum

487 3442 638 3507 hostibus
649 3453 823 3523 armatum,
834 3464 895 3525 pro
906 3443 1056 3507 hostibus
1068 3463 1214 3526 pugnare
1227 3455 1386 3526 paratum,
1392 3455 1425 3509 et
1436 3445 1585 3511 hostibus
1597 3445 1884 3527 consanguineum.

490 3556 556 3639 Qui
572 3565 639 3621 stat
654 3577 729 3620 cum
745 3555 810 3619 alio
828 3566 982 3633 armatus,
1000 3577 1099 3638 opem
1118 3556 1200 3620 serre
1218 3557 1326 3621 eidem
1341 3559 1467 3637 dicitur,
1483 3568 1517 3622 et
1534 3557 1704 3622 auxilium.
1727 3577 1787 3634 nec
1802 3576 1886 3638 opus

489 3670 594 3733 estin
618 3669 651 3732 id
675 3668 815 3751 probare
839 3669 929 3733 aliud
953 3669 1139 3752 quicquam.
1170 3669 1269 3733 etiam
1293 3670 1348 3752 qui
1372 3691 1407 3734 se
1429 3680 1544 3749 armat,
1568 3668 1719 3734 debello
1743 3669 1886 3732 creditur

488 3781 633 3863 cogitare
643 3778 664 3843 ⁴.
711 3779 853 3862 Quodsi
869 3779 969 3844 etiarn
990 3780 1114 3844 amicus
1129 3780 1250 3843 inimici
1269 3781 1315 3844 sic
1334 3791 1505 3864 suspectus
1525 3790 1584 3860 est,
1605 3788 1641 3844 ut
1657 3801 1677 3843 a
1696 3781 1886 3844 testimonio

487 3893 622 3957 serendo
633 3901 796 3955 arceatur:
812 3902 938 3974 quanto
950 3893 1054 3975 magis
1069 3892 1263 3957 arcebitura
1277 3893 1416 3957 dicenda
1428 3894 1590 3957 sententia
1600 3892 1622 3957 ⁵.
1646 3891 1787 3957 Facilius
1800 3892 1886 3955 enim
1943 3952 1948 3960 .

488 4005 533 4084 fit,
549 4015 585 4068 ut
597 4005 670 4088 quis
685 4005 717 4067 in
734 4013 861 4084 testem,
877 4025 977 4086 quarn
993 4004 1026 4068 in
1042 4004 1182 4069 iudicem
1199 4005 1402 4087 recipiaturt
1447 4004 1586 4070 Amicus
1602 4004 1723 4068 inimici
1740 4005 1804 4067 mei
1820 4024 1886 4066 non

488 4119 601 4180 statim
631 4138 724 4181 meus
757 4117 951 4199 intelligitur
979 4116 1147 4182 inimicus:
1182 4126 1218 4180 ut
1248 4136 1308 4181 nec
1338 4117 1462 4182 amicus
1492 4119 1588 4182 amici
1619 4118 1683 4181 mei
1714 4138 1806 4180 meus
1837 4126 1886 4179 est

487 4227 644 4292 amicusl.
691 4226 758 4292 Sed
775 4228 918 4309 suspicio
932 4229 975 4291 de
990 4238 1129 4310 utroque
1145 4237 1194 4291 est
1210 4227 1316 4306 ualde,
1331 4237 1431 4310 atque
1447 4229 1489 4291 de
1506 4229 1614 4292 amico
1632 4228 1753 4292 inimici
1771 4205 1889 4309 magis:

568 4439 647 4491 ¹Sen.
660 4441 710 4489 Ult.
722 4440 754 4489 de
766 4439 845 4489 Benes.
857 4453 895 4504 19.
962 4437 1064 4487 ¹Arist.
1077 4452 1100 4500 9.
1113 4437 1212 4500 Eth.a;
1230 4439 1288 4489 Cas.
1303 4452 1324 4487 1.
1336 4439 1367 4489 de
1379 4441 1425 4489 Sin.
1438 4441 1492 4490 Cer.
1503 4455 1526 4503 4.
1594 4438 1673 4489 ³P1u.
1685 4439 1804 4503 Pyrr.16.

520 4524 529 4555 ⁴
546 4524 620 4574 Creu.
632 4539 700 4574 cons.
714 4535 776 4586 ²²43
798 4521 877 4585 Ceph.
890 4531 936 4584 57;
955 4519 1009 4569 Bal.
1022 4519 1039 4568 l.
1055 4534 1076 4568 1.
1090 4520 1119 4570 C.
1130 4520 1163 4569 de
1174 4535 1220 4569 ser.
1232 4519 1265 4569 su.
1278 4520 1313 4583 (6.
1328 4523 1362 4581 r).
1427 4522 1437 4550 ⁵
1454 4521 1527 4572 Alex.
1540 4532 1562 4584 7.
1576 4537 1644 4571 cons.
1658 4535 1685 4577 κ
1706 4520 1784 4584 Ceph.
1797 4533 1853 4583 7²1·

734 4604 744 4634 ⁶
760 4603 809 4652 Ias.
821 4603 838 4652 l.
851 4602 889 4652 16.
902 4603 934 4652 de
945 4601 1029 4650 iurisd.
1041 4601 1086 4664 (D.
1100 4615 1121 4650 a.
1136 4602 1174 4664 r);
1187 4601 1239 4652 Cic
1252 4617 1297 4667 pro
1309 4603 1414 4653 Comoe.
1429 4602 1473 4662 16;
1485 4603 1566 4668 Ceph.
1582 4613 1638 4664 750.

792 4685 836 4736 ll.
848 4694 887 4748 47.
899 4683 930 4734 de
942 4684 1019 4733 reio.
1032 4683 1077 4747 (D.
1089 4698 1129 4747 4²·
1143 4684 1217 4746 r);l.
1232 4685 1268 4733 28.
1281 4685 1311 4734 C.
1323 4684 1354 4734 de
1366 4683 1425 4735 inoi.
1437 4692 1469 4735 te.
1481 4686 1517 4748 (3.
1529 4687 1579 4747 28).
