4522 5570
472 655 514 736 96
957 663 1159 716 ALBERICI
1186 663 1386 717 GENTILIS

471 907 630 990 illaqueat
648 907 913 970 uniuersitatem:
937 905 1083 983 alteram,
1100 907 1126 968 si
1148 907 1341 970 uniuersitas
1363 906 1499 990 negligit
1518 907 1598 971 illud
1615 907 1739 971 lactum
1759 927 1870 970 emen-

472 1020 558 1099 dare,
571 1021 637 1084 iarn
653 1041 738 1084 nunc
754 1019 910 1102 illaqueat
926 1021 997 1100 ipsa
1012 1040 1056 1085 se.
1099 1019 1144 1082 Et
1160 1021 1192 1082 in
1208 1021 1306 1102 priori
1322 1021 1368 1084 sic
1385 1021 1611 1099 conclusimus
1623 1021 1870 1085 uniuersitatem

473 1154 539 1196 non
555 1133 731 1216 illaqueari.
766 1133 881 1216 Atque
896 1134 929 1197 id
945 1143 1003 1212 est,
1016 1134 1104 1216 quod
1122 1133 1265 1196 Romani
1282 1143 1413 1198 tanturn
1428 1157 1448 1198 a
1464 1134 1576 1199 Teuca
1592 1145 1719 1217 petunt,
1731 1143 1767 1197 ut
1784 1134 1869 1216 pira-

472 1246 572 1310 ticam
588 1247 677 1309 illam
694 1256 784 1310 uetet
799 1248 832 1310 in
847 1255 1026 1329 posterum.
1067 1246 1113 1308 Et
1129 1247 1228 1309 iidem
1246 1245 1373 1328 legatos
1390 1249 1527 1310 mittunt
1540 1246 1776 1328 Carthaginem
1792 1247 1870 1309 scis-

472 1359 618 1434 citatum,
641 1359 815 1441 publicone
835 1361 970 1423 consilo
993 1358 1142 1422 Annibal
1171 1358 1356 1442 Saguntum
1380 1369 1604 1443 oppugnasset
1614 1358 1634 1422 ¹.
1679 1359 1751 1423 Nec
1773 1369 1871 1422 antea

472 1469 588 1534 uolunt
604 1470 702 1535 indici
715 1470 1029 1552 Carthaginensibus
1045 1469 1178 1548 bellum,
1190 1491 1289 1552 quam
1306 1470 1359 1534 isti
1376 1471 1544 1552 publicum
1556 1481 1736 1534 assererent
1748 1471 1871 1535 lactum

471 1592 530 1646 aut
548 1584 618 1665 ipsa
635 1603 688 1646 re:
711 1592 748 1647 ut
768 1594 817 1647 est
838 1583 962 1647 scilicet
983 1581 1172 1646 ratihabitio
1193 1583 1292 1646 etiam
1311 1583 1426 1646 sortior
1446 1603 1584 1665 quaere
1604 1582 1650 1661 fit,
1666 1603 1767 1665 quam
1786 1603 1872 1664 quae

472 1695 592 1758 uerbo:
610 1704 643 1757 et
654 1704 704 1758 est
716 1695 827 1758 delicti
838 1715 971 1777 quoque
982 1695 1169 1758 ratihabitio
1177 1693 1199 1758 ².
1236 1693 1514 1758 Satissaciendum
1526 1694 1587 1758 suit
1601 1695 1770 1773 Romanis
1780 1696 1870 1777 quod

471 1804 596 1869 factum
616 1805 737 1884 luisset,
753 1815 810 1869 aut
826 1827 933 1888 poena
949 1807 1056 1869 soluta
1071 1807 1215 1870 criminis
1230 1808 1273 1870 de
1289 1827 1354 1888 quo
1370 1807 1539 1888 agebatur,
1555 1815 1613 1869 aut
1629 1828 1668 1869 eo
1684 1807 1798 1870 dedito
1813 1807 1870 1888 qui

472 1917 697 1999 deliquerat³2
723 1917 843 1999 alioqui
862 1917 969 1981 inferri
986 1918 1187 1981 uniuersitati
1208 1917 1332 1981 bellum
1351 1917 1463 1999 possit.
1508 1915 1624 1999 Atque
1643 1919 1688 1980 ita
1707 1919 1740 1980 in
1761 1927 1871 1999 poste·

473 2031 555 2092 riore
567 2030 758 2111 quaestione
773 2029 995 2106 adfirmamus,
1011 2030 1117 2111 ipsam
1133 2051 1168 2092 se
1184 2031 1430 2094 uniuersitatem
1446 2029 1534 2092 bello
1550 2029 1763 2110 obstringere.
1786 2050 1871 2111 quae

472 2162 548 2204 cum
571 2142 683 2223 possit,
699 2151 733 2204 et
751 2162 829 2205 uero
848 2143 948 2204 etiam
969 2125 1098 2221 debeat,
1116 2163 1192 2204 suos
1212 2143 1243 2204 in
1263 2143 1371 2205 officio
1390 2143 1566 2218 continere,
1585 2142 1647 2205 hoc
1668 2141 1774 2205 lacere
1793 2163 1871 2223 neg-

473 2254 543 2336 ligit
560 2254 655 2317 male.
705 2253 812 2336 Culpa
830 2263 926 2332 caret,
942 2256 998 2336 qui
1017 2255 1086 2333 scit,
1103 2255 1160 2318 sed
1180 2253 1352 2336 prohibere
1368 2274 1434 2316 non
1450 2255 1548 2316 ualet.
1579 2274 1680 2335 quare
1696 2274 1781 2335 quae
1801 2255 1871 2330 scit,

472 2368 643 2431 admonita
666 2369 868 2445 uniuersitas,
891 2377 924 2430 et
948 2367 1048 2430 debet
1071 2368 1196 2445 eadem,
1219 2376 1394 2448 potestque
1417 2386 1475 2448 per
1497 2386 1590 2428 suam
1614 2366 1872 2428 iurisdictionem

472 2480 645 2562 prohibere
660 2480 780 2542 delicta
796 2500 938 2557 suorum,
955 2480 987 2542 in
1007 2478 1103 2561 culpa
1119 2480 1187 2556 erit,
1204 2488 1237 2543 et
1255 2481 1287 2541 in
1308 2478 1450 2555 crimine,
1466 2478 1493 2540 si
1513 2497 1578 2540 non
1598 2476 1748 2559 prohibet
1758 2475 1780 2542 ⁴.
1826 2477 1871 2540 Et

472 2592 519 2654 ita
549 2591 676 2654 illatum
708 2591 880 2655 Messeniis
910 2592 1034 2654 bellum
1060 2613 1081 2654 a
1108 2591 1379 2654 Lacedaemoniis
1405 2591 1526 2653 scimus
1556 2589 1599 2652 ob
1629 2588 1870 2652 interfectorem

474 2703 812 2794 Lacedaemoqiorum
831 2705 998 2784 quendam
1016 2725 1082 2766 non
1101 2705 1249 2767 deditum
1260 2703 1282 2768 ⁵.
1329 2704 1424 2766 Haec
1447 2703 1523 2765 belli
1547 2722 1645 2766 causa
1670 2701 1769 2765 Eleos
1788 2703 1871 2764 inter

473 2823 507 2878 et
523 2814 819 2878 Lacedaemonios:
841 2817 931 2896 quod
949 2809 1231 2878 Lacedaemonius
1246 2815 1295 2877 uir
1310 2815 1352 2879 ab
1369 2815 1459 2878 Eleis
1474 2814 1607 2878 habitus
1623 2813 1709 2878 male
1718 2813 1740 2878 ⁶.
1779 2813 1871 2877 Haec

475 2925 697 2989 israelitarum
729 2947 802 2989 cum
836 2927 1074 2990 Beniaminitis
1123 2927 1216 2990 Haec
1248 2926 1475 2990 Romanorum
1507 2947 1581 2990 curn
1608 2925 1727 2989 Teuca.
1775 2925 1871 2988 Haec

473 3039 575 3120 plura.
622 3038 668 3101 Et
687 3038 788 3102 nostri
807 3038 887 3102 haec
909 3058 1039 3120 quoque
1059 3039 1104 3101 ita
1125 3040 1246 3102 docent
1266 3037 1492 3120 interpretes⁷.
1539 3037 1607 3101 Sed
1627 3047 1660 3101 et
1679 3036 1871 3120 represaliae

473 3152 525 3215 hic
545 3151 731 3214 indicuntur
748 3170 855 3231 saepe,
872 3170 938 3212 non
956 3150 1100 3214 bellurn:
1124 3151 1406 3232 quemadmodum
1425 3151 1468 3214 ob
1485 3150 1683 3232 denegatam
1704 3150 1872 3228 iustitiam,

472 3266 518 3328 ita
535 3264 635 3327 etiam
650 3263 693 3327 ob
714 3263 900 3344 neglectam
909 3261 931 3326 ⁸.

518 3374 631 3439 Etiam
666 3375 746 3437 illud
780 3375 938 3438 traditum
969 3384 1027 3453 est,
1058 3395 1124 3438 non
1156 3377 1255 3438 modo
1286 3376 1370 3440 laedi
1404 3376 1573 3459 publicum
1603 3378 1727 3456 foedus,
1755 3377 1781 3440 si
1812 3397 1871 3440 ex-

472 3509 584 3570 presse
621 3497 719 3569 neget
755 3487 950 3550 uniuersitas
987 3486 1082 3550 laesis
1120 3488 1316 3568 satisfacere,
1351 3490 1409 3552 sed
1448 3491 1548 3553 etiam
1585 3491 1611 3552 si
1649 3490 1750 3571 longo
1788 3500 1872 3553 tenr-

473 3621 552 3685 pore
585 3599 666 3663 leret
695 3599 845 3662 iniuriam
880 3599 957 3676 ficri,
987 3600 1062 3664 licet
1093 3620 1113 3664 a
1144 3601 1304 3684 principio
1339 3601 1428 3664 nulla
1461 3601 1558 3665 fuerit
1596 3602 1780 3664 communis
1814 3604 1871 3666 de-

473 3713 653 3778 liberatio⁹.
714 3710 769 3775 Sic
804 3731 883 3774 sane
918 3712 1125 3788 concludunt,
1159 3714 1327 3777 ciuitatem
1364 3715 1466 3777 teneri
1501 3733 1561 3795 pro
1594 3713 1721 3777 delictis
1752 3713 1872 3777 ciuium

474 3847 539 3890 non
563 3825 811 3902 momentaneis,
834 3825 892 3888 sed
916 3825 1115 3904 successiuis,
1139 3827 1347 3890 continuatis.
1386 3836 1420 3889 et
1446 3826 1508 3889 hoc
1529 3835 1640 3888 tamen
1664 3826 1690 3887 si
1714 3835 1747 3888 et
1769 3825 1872 3903 sciuit,

473 3949 506 4002 et
540 3939 648 4020 potuit
680 3936 861 4019 prohibere.
895 3945 932 4000 ut
968 3936 1131 4019 prohiberi
1161 3938 1345 4002 successiua
1376 3958 1474 4020 posse
1505 3938 1659 4001 uidentur
1688 3959 1709 4000 a
1739 3937 1873 4000 ciuitate

473 4052 620 4135 potenti:
639 4052 715 4133 quia
730 4060 862 4132 tempus
878 4051 1019 4131 supersit
1028 4048 1061 4113 ¹⁰.
1099 4049 1301 4128 Successiua,
1317 4050 1425 4114 dicam
1442 4051 1561 4114 delicta
1577 4071 1618 4113 an
1635 4048 1722 4113 non?
1746 4070 1873 4114 succes-

473 4166 544 4228 siua
563 4173 649 4227 certe
669 4184 708 4226 ea
726 4173 811 4240 sunt,
830 4182 915 4244 quae
935 4182 1011 4225 cum
1032 4163 1175 4243 periculo
1195 4182 1324 4245 magno,
1340 4183 1378 4225 ac
1400 4163 1599 4226 detrimento
1618 4163 1708 4244 regni
1728 4162 1873 4244 Angliae

538 4356 546 4385 ¹
562 4357 617 4405 Llu.
630 4355 674 4404 lib.
689 4370 726 4405 21.
739 4371 759 4404 c.
776 4357 813 4404 18.
888 4353 897 4381 ²
915 4353 969 4403 Alc.
984 4367 1006 4417 5.
1019 4368 1086 4403 cons.
1099 4366 1145 4415 51;
1162 4353 1217 4403 Cla.
1233 4358 1245 4412 ξ
1259 4353 1283 4404 fi.
1295 4371 1318 4418 q.
1331 4355 1377 4416 87,
1395 4354 1411 4402 l.
1426 4367 1480 4417 ¹5²·
1492 4353 1523 4404 de
1535 4369 1585 4418 reg.
1597 4355 1630 4405 iu.
1644 4355 1690 4418 (D.
1703 4369 1742 4418 50.
1757 4357 1807 4418 17).

575 4441 585 4470 ³
602 4440 655 4490 Cic.
670 4453 691 4490 1.
704 4440 761 4489 Ver.
776 4451 797 4486 a.
810 4437 852 4486 ubi
865 4436 962 4486 Manut.
1084 4435 1092 4463 ⁴
1109 4435 1125 4484 l.
1141 4449 1180 4498 50.
1196 4450 1249 4500 109.
1261 4437 1293 4485 de
1305 4453 1355 4502 reg.
1368 4439 1400 4488 iu.
1515 4438 1525 4468 ³
1541 4439 1614 4488 Paus.
1626 4438 1670 4489 lib.
1683 4456 1705 4501 4.
1718 4455 1739 4488 c.
1752 4453 1775 4502 5.

552 4523 563 4552 ⁶
580 4523 651 4572 Paus.
663 4523 706 4572 lib.
718 4521 742 4571 6.
806 4520 816 4550 ⁷
833 4520 889 4568 Alc.
902 4519 919 4568 l.
931 4532 954 4580 5.
966 4518 997 4568 de
1008 4517 1063 4567 iust.
1077 4517 1122 4579 (Ι).
1137 4531 1157 4565 1.
1174 4519 1198 4580 1)
1211 4526 1236 4568 et
1247 4534 1315 4569 cons.
1333 4521 1425 4581 23.1ib.
1439 4537 1461 4583 5.
1536 4521 1546 4551 ⁸
1564 4522 1637 4572 Rom.
1650 4539 1718 4574 cons.
1733 4522 1787 4587 169.

604 4607 614 4637 ⁹
632 4606 694 4656 Dec.
707 4621 773 4656 cons.
785 4603 842 4668 486.
911 4604 929 4633 ¹⁰
947 4603 1013 4652 Ferr.
1026 4617 1094 4651 cons.
1109 4615 1136 4658 κ
1155 4601 1210 4652 Alc.
1223 4603 1248 4652 d.
1262 4616 1305 4664 ης
1323 4603 1371 4651 Ias.
1383 4603 1400 4653 l.
1415 4617 1452 4666 ²7·
1465 4604 1486 4653 si
1498 4620 1533 4655 ce.
1545 4621 1569 4669 p.
1583 4605 1628 4667 (D.
1643 4620 1681 4654 12.
1696 4608 1730 4668 1).
