4534 5576
716 758 777 812 DE
805 757 909 812 IURE
938 757 1073 828 BELLI,
1103 759 1183 814 LIB.
1206 759 1249 829 II,
1282 759 1370 815 CAP.
1399 760 1464 815 VII.
1727 765 1787 833 157

387 1005 512 1068 scilicet
530 1005 649 1068 eodem
666 1023 796 1085 genere.
841 1002 915 1066 Imo
933 1002 1061 1066 eadem.
1107 1002 1269 1068 ‘Constat
1284 1005 1372 1067 enim
1388 1003 1463 1090 (etsi
1479 1005 1575 1069 aliter
1592 1006 1704 1088 opinio
1722 1001 1787 1091 est)

389 1119 517 1198 ‘pauca
537 1135 620 1178 aeuo
643 1115 707 1177 isto
728 1115 873 1178 inuenta.
904 1133 979 1177 ecce
1001 1132 1103 1195 quam
1123 1115 1249 1178 nouitia
1271 1134 1322 1178 res
1344 1115 1465 1192 habita,
1485 1117 1575 1198 quod
1599 1115 1789 1198 Stephanus

388 1226 569 1290 ‘Poloniae
592 1245 697 1307 nuper
718 1245 778 1287 rex
801 1224 992 1288 Moscouiae
1015 1224 1220 1289 munimenta
1237 1225 1365 1308 aliquot
1383 1225 1501 1308 lignea,
1516 1226 1623 1308 globis
1646 1228 1789 1290 canden-

388 1338 500 1402 ‘tibus
535 1337 698 1414 immissis
727 1335 879 1399 accendit
916 1344 950 1398 et
980 1334 1092 1418 cepit?
1130 1357 1205 1400 cum
1242 1338 1400 1401 barbarus
1436 1337 1492 1401 ille
1528 1348 1718 1420 quereretur
1755 1347 1789 1401 et

388 1450 568 1514 ‘fremeret
591 1449 656 1513 IUS
678 1461 871 1511 ARMORUM
897 1461 1005 1510 BELLI
1029 1461 1196 1526 UIOLARI,
1219 1462 1268 1510 ET
1289 1462 1482 1512 ARMORUM
1509 1462 1629 1513 DECUS
1653 1462 1789 1513 POLLUI

389 1566 520 1626 ‘NOUA
544 1559 714 1638 FRAUDE,'
733 1580 808 1624 cum
828 1568 940 1622 tamen
958 1560 1001 1622 ab
1020 1579 1125 1641 usque
1147 1558 1333 1623 Alexandri
1356 1580 1441 1624 aeuo
1460 1560 1542 1624 haec
1560 1561 1666 1625 solita.
1702 1582 1790 1644 quae

391 1682 425 1737 et
454 1671 626 1755 praeludia
656 1680 843 1735 nostrorum
873 1667 1048 1732 fulminum
1059 1668 1080 1733 ¹.
1134 1670 1254 1733 Dicam
1286 1680 1319 1734 et
1351 1669 1489 1734 fulmina
1517 1669 1689 1734 ueterum?
1735 1670 1789 1734 Tu

391 1783 462 1848 eius
499 1782 697 1858 memineris,
730 1780 819 1863 quod
858 1789 969 1843 narrat
1004 1780 1174 1862 Iosephus,
1207 1783 1362 1845 tormenti
1400 1801 1512 1863 genus,
1548 1802 1615 1863 quo
1652 1781 1791 1845 emissus

389 1893 475 1976 lapis
511 1914 578 1957 non
615 1893 717 1956 modo
754 1900 855 1974 caput
891 1890 1014 1969 auellit,
1054 1892 1113 1954 sed
1151 1901 1185 1956 et
1221 1894 1373 1956 auulsum
1410 1893 1537 1956 excutit
1573 1894 1617 1957 ad
1654 1893 1789 1957 tertium

390 2026 496 2088 usque
531 2001 707 2068 stadiumss.
768 2003 821 2066 De
862 2003 980 2080 fundis,
1021 2003 1159 2086 sagittis,
1199 2003 1345 2085 tragulis,
1384 2003 1468 2085 pilis,
1508 2005 1792 2086 quemadmodum

390 2137 491 2181 omne
520 2134 688 2178 armorum
717 2123 949 2196 tegumentum
980 2113 1223 2196 perfringerent,
1246 2123 1356 2177 narrat
1386 2115 1429 2178 de
1459 2115 1624 2178 ueteribus
1650 2116 1791 2178 auctori·

391 2226 455 2290 bus
492 2225 604 2290 Iustus
643 2226 784 2307 Lipsius,
824 2234 857 2289 et
895 2245 954 2306 per
990 2234 1130 2302 scutum,
1164 2245 1287 2306 perque
1324 2225 1458 2288 loricam
1496 2234 1604 2288 totum
1641 2235 1792 2307 penetra·

391 2348 465 2403 rent
490 2338 669 2413 hominem,
693 2345 726 2400 et
752 2345 859 2399 terrae
888 2335 979 2400 uelut
1006 2335 1101 2400 clauo
1126 2336 1297 2417 affigerent
1306 2335 1328 2397 ³.
1386 2335 1518 2418 Lipsius
1549 2337 1668 2400 nostris
1693 2337 1792 2400 armis

391 2449 550 2515 uiolentia
574 2458 687 2514 uetera
708 2448 890 2530 anteponit.
947 2448 1000 2511 De
1025 2448 1184 2511 machinis
1206 2447 1425 2526 Archimedis,
1447 2468 1533 2529 quae
1558 2447 1793 2530 magnitudinis

391 2561 575 2626 immensae
604 2580 689 2624 saxa
719 2557 898 2622 incredibili
929 2557 1059 2640 fragore
1086 2578 1127 2622 ac
1157 2557 1324 2622 celeritate
1354 2559 1568 2635 eiaculabant,
1600 2558 1793 2622 Plutarchus

390 2667 605 2736 adnotauit⁴t
625 2679 660 2734 et
677 2689 733 2732 eas
751 2667 944 2732 Franciscus
966 2668 1142 2732 Petrarcha
1158 2668 1218 2733 has
1240 2688 1311 2731 esse
1334 2678 1462 2732 nostras
1484 2669 1684 2732 bombardas
1706 2669 1794 2734 exis·

390 2782 557 2848 timauitl.
612 2781 679 2846 Sed
706 2781 791 2844 hanc
817 2789 929 2844 tamen
956 2780 1145 2862 opinionem
1169 2778 1323 2843 refutauit
1351 2779 1575 2862 Hieronymus
1601 2780 1735 2863 Magius
1759 2781 1792 2844 in

393 2893 623 2959 Miscellaneis.
682 2891 749 2975 Qui
783 2900 886 2969 notat,
916 2911 976 2955 nec
1006 2891 1087 2954 satis
1120 2900 1210 2954 certo
1243 2900 1394 2954 constare
1423 2900 1535 2955 tamen
1568 2893 1612 2954 de
1644 2901 1794 2974 tempore

393 3026 461 3087 quo
484 3005 620 3069 inuenta
641 3003 825 3067 bombarda
851 3011 911 3066 est.
953 3011 987 3066 et
1009 3010 1160 3066 constare
1181 3011 1303 3078 tamen,
1328 3000 1433 3066 multo
1455 3013 1534 3067 ante
1556 3002 1682 3066 bellum
1704 3007 1794 3087 quod

392 3125 524 3198 gestum
550 3136 571 3179 a
598 3115 737 3180 Uenetis
762 3113 806 3178 ad
836 3115 976 3177 Fossam
1005 3112 1158 3177 Clodiam
1185 3133 1261 3177 cum
1288 3112 1517 3178 Genuensibus
1543 3125 1601 3193 est,
1628 3137 1730 3198 quum
1761 3127 1795 3181 et

344 3273 348 3280 -
393 3227 474 3292 haec
499 3226 651 3291 machina
673 3225 809 3288 inuenta
830 3225 932 3308 uulgo
955 3225 1106 3302 creditur,
1129 3225 1305 3302 exstitisse,
1329 3235 1362 3290 et
1389 3227 1423 3289 in
1444 3247 1505 3290 usu
1527 3227 1674 3291 barbaris
1696 3226 1796 3292 fuisse

392 3337 556 3421 aliquibus
575 3359 634 3420 per
648 3337 755 3400 multa
772 3336 891 3401 secula.
937 3337 1015 3400 Non
1033 3335 1116 3400 haec
1137 3335 1291 3400 machina
1309 3346 1424 3401 contra
1442 3337 1492 3401 ius
1510 3337 1587 3401 belli
1607 3347 1679 3404 est:
1701 3340 1795 3422 quasi

393 3449 503 3515 locum
526 3448 623 3514 tollat
640 3441 753 3512 uirtuti
772 3448 963 3512 hominum:
987 3457 1021 3511 et
1043 3448 1086 3511 sit
1104 3448 1177 3529 ipsa
1195 3447 1295 3511 etiam
1319 3447 1531 3512 internecina.
1577 3449 1627 3514 Ut
1645 3451 1688 3513 dc
1705 3461 1795 3516 cata·

393 3560 487 3644 pulta
509 3558 733 3624 Archidamus
758 3559 805 3622 sic
832 3558 1042 3635 exclamauit,
1064 3559 1199 3639 periisse
1224 3578 1284 3640 per
1309 3579 1383 3622 eam
1409 3558 1470 3621 uiri
1493 3560 1649 3623 uirtutem
1660 3561 1681 3626 ⁰.
1726 3561 1795 3626 Sed

394 3690 455 3735 nec
477 3670 574 3753 periit
594 3678 666 3734 tum
684 3670 789 3735 uirtus
807 3669 877 3731 uiri.
908 3676 942 3731 et
964 3688 1024 3731 nec
1042 3677 1119 3730 sunt
1142 3668 1205 3731 ista
1227 3669 1437 3747 internecina,
1459 3690 1545 3752 quae
1568 3681 1684 3754 aperta
1700 3672 1796 3736 uitari

394 3789 541 3864 possunt,
565 3790 600 3845 et
622 3759 705 3844 uero¹
726 3778 822 3842 uitari
849 3765 964 3842 solent.
1022 3777 1165 3842 Uirescit
1190 3776 1245 3840 hic
1268 3778 1328 3840 uiri
1352 3779 1466 3844 uirtus.
1520 3781 1633 3844 Etiam
1660 3803 1726 3846 non
1752 3783 1796 3847 ab

394 3892 495 3955 armis
513 3891 625 3968 uirtus,
644 3891 702 3954 sed
720 3890 763 3954 ab
781 3890 899 3953 animis
917 3897 976 3952 est.
1007 3897 1041 3951 et
1059 3908 1125 3951 non
1147 3907 1239 3950 arma
1259 3898 1337 3952 sunt
1358 3908 1444 3970 quae
1466 3901 1623 3972 pugnant,
1645 3893 1704 3957 sed
1723 3895 1794 3957 uiri.

393 4005 402 4034 ¹
420 4001 493 4068 Uiri
516 4010 602 4079 sunt,
621 3999 701 4064 mihi
725 4000 857 4078 credite,
875 3999 944 4077 uiri,
962 4018 1101 4080 quorum
1124 4018 1225 4080 opera
1246 3997 1279 4060 in
1298 4018 1410 4081 pugna
1426 4008 1583 4082 geruntur
1604 4005 1737 4068 omnia:
1762 4014 1796 4070 et

396 4114 536 4177 ‘decem
566 4113 714 4194 equitum
746 4111 849 4174 millia
878 4109 957 4174 nihil
988 4112 1065 4174 sunt
1098 4109 1181 4193 plus,
1206 4129 1305 4192 quam
1336 4109 1509 4175 hominum
1538 4112 1654 4177 decem
1685 4115 1797 4196 millia,

398 4225 530 4306 ‘neque
553 4223 697 4286 enimin
720 4221 844 4304 praelio
866 4221 1040 4303 quisquam
1063 4221 1138 4302 equi
1161 4240 1271 4284 morsu
1295 4220 1347 4284 uel
1370 4220 1515 4286 calcibus
1537 4244 1694 4307 umquam
1717 4247 1797 4292 con-

395 4333 525 4399 ‘sectus
547 4333 616 4399 est!
650 4334 698 4398 ait
719 4332 909 4415 Xenophon
918 4331 940 4398 ⁷.
986 4331 1033 4396 Et
1055 4332 1098 4395 de
1120 4331 1249 4416 magnis
1271 4328 1412 4396 Antonii
1435 4333 1574 4399 nauibus
1597 4335 1685 4399 idem
1707 4337 1796 4403 dixit

528 4562 622 4629 ¹Lips.
635 4579 657 4628 5.
669 4561 775 4613 Poliorc
789 4577 811 4626 5.
966 4561 1056 4614 ’lose
1069 4562 1202 4629 3.BetL9.
1344 4563 1439 4629 ‘Lips
1452 4575 1475 4626 5.
1485 4564 1516 4614 de
1529 4564 1565 4614 M.
1578 4565 1607 4616 R.
1620 4565 1665 4616 ult.

479 4643 664 4695 ‘PlutMarc
739 4644 835 4710 ⁵M2g.
851 4643 956 4696 nnuc.
971 4658 992 4695 1.
1058 4643 1351 4712 ‘PlutApophIaco
1416 4646 1507 4696 'Xen
1521 4661 1542 4708 3.
1555 4648 1617 4713 Exp.
1629 4649 1675 4712 Cy.
1690 4663 1711 4698 π.
