4522 5570
475 733 538 794 144
961 716 1165 771 ALBERJCJ
1192 717 1393 771 GENTILJS

475 867 637 882 —
641 873 642 876 =

473 965 564 1050 quod
587 965 777 1028 nonhabet
799 980 1088 1038 consensum‚non
1111 959 1213 1023 habet
1235 959 1386 1042 spiritum
1397 957 1417 1023 ¹.
1464 957 1653 1023 Consensus
1676 959 1731 1021 ubi
1754 959 1875 1034 deficit,

475 1078 520 1141 ibi
548 1085 581 1140 et
604 1077 653 1139 ius
681 1084 824 1140 naturae.
871 1073 981 1139 Omne
1008 1072 1127 1136 salsum
1154 1080 1270 1154 peccat
1297 1071 1365 1134 iure
1392 1071 1554 1134 naturali:
1588 1090 1666 1152 ergo
1693 1071 1773 1133 nihil
1796 1071 1876 1134 facit

474 1188 709 1252 iusiurandum.
764 1187 814 1251 Ut
839 1186 917 1268 quid
944 1195 1056 1248 autern
1079 1183 1305 1247 iusiurandum
1328 1191 1473 1264 praestet
1500 1183 1730 1246 auctoritatem
1757 1183 1875 1265 iniqui·

475 1302 536 1365 tati
560 1310 593 1364 et
615 1301 705 1363 iuuet
728 1295 951 1381 decipientes?
1011 1297 1242 1359 Iusiurandum
1266 1294 1467 1375 intelligitur,
1486 1293 1602 1357 ‘rebus
1625 1295 1671 1358 sic
1691 1290 1875 1358 stantibus)

477 1412 522 1475 Et
552 1412 636 1475 sicut
666 1409 779 1492 nequit
803 1410 918 1488 iacere,
941 1417 978 1471 ut
1005 1408 1047 1470 dc
1076 1405 1128 1470 his
1158 1414 1269 1469 actum
1300 1425 1365 1468 non
1392 1405 1442 1482 sit,
1465 1406 1508 1468 de
1535 1404 1654 1485 quibus
1683 1414 1795 1469 actum
1825 1415 1875 1468 est

476 1524 591 1588 rebus:
614 1522 662 1585 ita
679 1542 748 1600 nec,
764 1530 800 1584 ut
819 1529 930 1584 actum
949 1518 992 1582 de
1009 1517 1060 1580 his
1079 1518 1130 1594 sit,
1150 1517 1329 1598 dequibus
1348 1535 1412 1579 non
1431 1524 1482 1578 est
1501 1524 1621 1594 actum,
1640 1526 1719 1579 utue
1737 1515 1790 1578 hic
1809 1536 1875 1579 non

475 1635 666 1717 cogitatum.
721 1634 817 1716 Quae
842 1631 942 1695 iidem
975 1630 1085 1713 magni
1113 1629 1168 1706 illi,
1196 1627 1320 1691 Baldus
1348 1636 1382 1690 et
1411 1626 1573 1692 Alciatus.
1619 1627 1734 1710 Atque
1761 1629 1807 1692 sic
1833 1631 1877 1692 de

475 1747 651 1811 clementia
681 1745 767 1808 dixit
796 1743 942 1807 fortassis
972 1741 1201 1823 Augustinus:
1236 1759 1321 1820 quae
1352 1736 1492 1800 multum
1522 1739 1565 1802 de
1595 1739 1682 1802 iusto
1709 1740 1877 1802 remittere

475 1855 623 1923 dieitur².
670 1856 716 1920 Et
733 1875 810 1918 uere
830 1854 883 1918 hic
904 1854 1041 1918 dicitur:
1072 1852 1126 1915 ubi
1145 1851 1233 1916 dicet
1256 1870 1363 1928 nemo,
1383 1851 1514 1913 ueniam
1537 1870 1603 1912 non
1627 1851 1741 1914 datam
1765 1849 1875 1914 Gaba·

475 1970 574 2034 onitis
597 1968 741 2050 aliquam
764 1976 899 2049 propter
920 1965 1154 2028 iusiurandum.
1184 1970 1286 2044 atque
1307 1961 1404 2024 uenia
1426 1962 1558 2024 debitae
1580 1981 1707 2044 poenae
1726 1963 1875 2026 remissio

477 2079 627 2145 dicitur³.
674 2079 741 2143 Ubi
764 2098 830 2141 non
853 2077 998 2159 aliquam
1019 2075 1259 2158 benignitatem
1283 2093 1382 2136 nemo
1405 2073 1531 2138 uiderit.
1569 2082 1669 2155 atque
1689 2073 1878 2156 benignitas

477 2194 511 2256 in
534 2193 585 2256 his
608 2201 667 2269 est,
682 2210 768 2272 quae
790 2198 920 2271 praeter
942 2188 991 2251 ius
1014 2193 1109 2250 sunt:
1133 2195 1166 2250 et
1189 2184 1297 2268 legem
1321 2205 1386 2248 non
1405 2187 1551 2268 sequitur
1561 2183 1584 2247 ⁴.
1615 2195 1659 2262 ut,
1678 2188 1757 2249 ‘nec
1776 2186 1877 2250 habet

480 2303 678 2369 ‘clementia
701 2297 847 2384 legem’:
879 2299 1003 2362 iustitia
1025 2307 1136 2363 autem
1160 2298 1194 2361 in
1216 2297 1267 2360 his
1291 2306 1341 2360 est
1363 2317 1449 2378 quae
1472 2297 1540 2360 iure
1563 2295 1732 2359 iacimus⁵.
1778 2297 1878 2360 Porro

478 2427 591 2480 autem
619 2435 658 2479 ea
683 2412 858 2478 clementia
884 2410 1004 2474 seruari
1032 2411 1146 2474 debuit
1173 2419 1290 2493 postea
1317 2407 1519 2472 Gabaonitis.
1573 2407 1620 2471 Et
1641 2428 1662 2470 a
1685 2407 1785 2472 Saule
1811 2429 1877 2471 non

479 2531 610 2592 seruata
628 2526 673 2590 sic
696 2525 812 2607 punita
834 2523 867 2586 in
887 2522 996 2586 liberis
1020 2521 1128 2587 Saulis
1151 2520 1233 2586 estss.
1279 2520 1332 2584 De
1355 2518 1562 2584 iureiurando
1584 2520 1684 2582 etiam
1708 2519 1820 2597 fateor,
1843 2527 1877 2582 et

479 2639 622 2702 Iudaeos
640 2637 686 2700 sic
704 2635 868 2700 censuisse
883 2633 996 2712 uideri,
1011 2643 1046 2697 et
1060 2633 1150 2711 alios,
1167 2633 1367 2697 seruandum
1384 2651 1456 2695 esse
1474 2630 1573 2694 etiam
1591 2630 1750 2694 siluisset
1766 2640 1878 2694 extor-

479 2760 552 2814 tum
576 2747 661 2811 male
670 2747 693 2812 ⁷.
738 2746 784 2809 Et
802 2745 901 2811 refert
920 2744 1043 2823 Cicero,
1061 2746 1343 2826 quemadmodum
1363 2744 1513 2807 tribunus
1531 2741 1645 2825 plebis,
1665 2742 1711 2806 M.
1735 2741 1878 2824 Pompo-

479 2860 560 2938 niuS,
582 2859 673 2942 quod
696 2866 818 2921 terrore
842 2865 976 2920 coactus
1000 2857 1127 2933 iurauit,
1153 2855 1186 2919 id
1211 2855 1409 2919 seruandum
1442 2855 1503 2918 sibi
1531 2875 1601 2918 esse
1627 2854 1753 2924 censuit
1778 2863 1878 2936 atque

480 2971 623 3036 seruauit
633 2968 655 3033 ⁸.
709 2967 778 3032 Sed
808 2967 891 3031 haec
920 2965 954 3029 in
981 2965 1089 3030 uinclo
1116 2965 1193 3030 iuris
1223 2987 1289 3030 non
1319 2968 1501 3049 probantur
1529 2977 1651 3031 tamen.
1706 2967 1744 3029 In
1773 2986 1879 3029 errore

480 3083 615 3147 omnino
639 3080 747 3144 nullus
769 3099 970 3144 consensus:
1004 3078 1038 3140 in
1061 3087 1152 3140 metu
1175 3078 1297 3141 multus
1319 3088 1379 3142 est.
1434 3080 1480 3142 Et
1503 3078 1578 3142 licet
1601 3079 1634 3140 in
1657 3078 1878 3141 contractibus

481 3216 547 3259 non
570 3194 764 3257 subauditur
786 3189 940 3284 clausula,
958 3189 1005 3251 ‘si
1023 3198 1154 3252 narrata
1171 3198 1248 3252 sunt
1266 3189 1381 3254 uera’:
1405 3189 1597 3272 intelligitur
1614 3197 1726 3253 tamen
1749 3205 1879 3266 semper

481 3313 665 3370 reseruatus
691 3302 787 3365 dolus
798 3301 818 3365 ⁹.
876 3301 1103 3364 Iuramentum
1129 3320 1310 3382 numquam
1336 3310 1491 3383 operatur
1517 3309 1646 3383 praeter
1670 3318 1878 3364 consensum.

479 3419 534 3483 hic
554 3418 583 3481 ei
605 3417 699 3479 limes
709 3413 743 3479 ¹⁰.
788 3413 879 3496 Ergo
897 3431 1009 3475 casum
1028 3410 1176 3487 dicimus,
1196 3411 1285 3474 utin
1304 3412 1527 3476 contrahendo
1550 3433 1615 3476 non
1634 3388 1879 3475 liceat‘hostem
1976 3438 1982 3450 ·

482 3531 633 3612 decipere
656 3524 835 3590 mendacio
881 3523 928 3586 Et
950 3522 1003 3586 isti
1021 3523 1078 3605 qui
1097 3523 1130 3585 in
1153 3523 1425 3588 conuentionibus
1446 3544 1561 3588 uerum
1583 3544 1649 3587 non
1670 3523 1793 3599 dicunt,
1814 3540 1880 3584 non

482 3643 582 3706 modo
598 3641 783 3715 mendaces,
798 3637 855 3700 sed
873 3645 906 3699 et
922 3634 1032 3698 iniusti
1047 3634 1178 3718 proprie
1192 3634 1401 3718 appellantur
1410 3633 1444 3698 ¹¹.
1483 3635 1638 3717 Improbe
1654 3635 1685 3698 id
1702 3632 1879 3716 Agesilaus

481 3754 595 3817 fallere
621 3752 653 3813 in
676 3750 807 3813 loedere
833 3748 966 3826 amicos,
994 3767 1065 3810 esse
1092 3746 1184 3809 Deos
1214 3756 1445 3810 contemnere:
1479 3747 1592 3810 hostes
1617 3755 1729 3809 autem
1757 3746 1879 3808 iustum

482 3875 516 3929 et
539 3861 711 3928 laudabile.
758 3860 914 3943 Improbe
937 3859 1118 3941 Lysander,
1140 3878 1260 3940 pueros
1282 3857 1415 3936 taxillis,
1434 3857 1522 3921 uiros
1545 3859 1734 3922 iuramentis
1758 3857 1880 3938 decipi-

482 3977 594 4041 endos.
649 3973 695 4036 Et
721 3972 755 4035 id
778 3991 881 4054 genus
904 3970 968 4033 alia
991 3971 1149 4052 improba,
1173 3969 1352 4041 mendacia,
1376 3968 1598 4032 iniustissima.
1654 3969 1693 4031 In
1719 3967 1880 4050 prioribus

482 4088 612 4151 duobus
631 4084 759 4149 casibus
777 4083 985 4146 mendacium
1001 4081 1221 4163 probauimus‚
1237 4080 1494 4161 improbauimus
1510 4081 1543 4142 in
1558 4080 1621 4144 hoc
1636 4080 1743 4143 tertio.
1791 4078 1880 4143 Sane

560 4357 669 4408 ιΒε.1.1.
683 4354 863 4422 19.C.deiur.
877 4353 912 4419 (6.
926 4352 1174 4418 a);l.1.C.deop.
1188 4353 1231 4403 lib.
1247 4353 1282 4416 (6.
1295 4352 1357 4417 3)et
1370 4373 1393 4415 4.
1407 4370 1474 4406 oons.
1489 4355 1626 4412 1183Alc.
1639 4371 1740 4407 mons.
1754 4370 1792 4418 33.

515 4441 623 4491 ’Dona
635 4440 691 4489 Ter.
714 4437 792 4488 Andr.
883 4435 966 4485 ³Sen.
980 4448 1001 4482 2.
1013 4434 1044 4482 de
1056 4433 1110 4484 Cle.
1125 4443 1147 4496 7.
1239 4433 1448 4498 *Drus.4.0bs.
1463 4452 1500 4487 11.
1564 4437 1687 4488 “Cassio
1702 4438 1794 4489 aUar.
1809 4453 1847 4500 30.

573 4521 701 4572 ‘asam
717 4534 756 4568 21.
876 4515 1398 4581 ⁷l.2.ubi110.C.quo.m.c.(D.4.r).
1511 4520 1591 4571 'cie
1604 4520 1669 4581 3.de
1682 4519 1730 4569 Oli.
1743 4533 1788 4600 31..

624 4604 635 4635 ⁹
651 4603 707 4654 Ale.
720 4618 744 4669 9.
756 4617 822 4652 cons.
836 4614 875 4664 31.
993 4599 1012 4630 ¹⁰
1028 4599 1120 4649 Cousr.
1132 4600 1185 4649 rub.
1198 4600 1229 4648 de
1240 4599 1284 4650 Te.
1296 4616 1321 4665 p.
1337 4614 1359 4650 a.
1481 4601 1497 4631 '¹
1513 4603 1590 4653 Arist.
1602 4618 1626 4667 4.
1638 4602 1697 4652 Eth.
1711 4611 1733 4665 7.
