4522 5570
681 765 741 820 DE
770 763 874 819 runa
902 762 1035 828 enarr,
1065 761 1145 815 nra.
1169 759 1210 826 n,
1243 759 1332 812 cna.
1360 758 1390 814 ν.

979 1100 1068 1173 CAP.
1098 1097 1143 1173 V.

921 1285 981 1360 De
1005 1283 1208 1359 mendaciis.

407 1477 483 1545 SED
506 1478 560 1542 hic
582 1495 648 1541 una
671 1484 772 1540 restat
793 1474 953 1558 quaestio,
975 1474 1001 1536 si
1024 1471 1153 1536 hostem
1181 1470 1353 1537 mendacio
1375 1471 1485 1555 aliquo
1509 1473 1605 1540 liceat
1627 1477 1764 1544 circum·

363 1590 481 1656 uenire.
529 1589 730 1672 Respondeo
748 1596 869 1664 autem,
885 1585 1075 1665 contingere
1091 1581 1180 1645 uarie
1197 1601 1303 1664 posse,
1318 1591 1355 1647 ut
1372 1584 1446 1667 quis
1464 1587 1637 1652 mendacio
1653 1599 1766 1654 utatur

363 1704 522 1769 aduersus
545 1702 667 1765 hostes.
725 1699 771 1762 Et
797 1698 910 1779 itaque
932 1715 1033 1760 unam
1057 1693 1282 1758 definitionem
1309 1715 1381 1758 esse
1408 1715 1473 1759 non
1497 1719 1594 1780 posse
1617 1700 1686 1764 eius
1709 1701 1765 1780 rei,

345 1827 424 1879 'nec
448 1813 694 1896 responsionem
719 1827 828 1874 unam.
874 1806 1053 1873 Uentidius
1076 1804 1303 1887 exploratores
1327 1805 1521 1872 Parthorum
1545 1831 1620 1874 cum
1645 1822 1765 1892 nosset,

365 1927 421 2009 qui
447 1926 490 1991 ad
518 1945 553 1989 se
578 1921 768 2004 transfugae
795 1919 898 1984 uideri
926 1917 1092 1995 uolebant,
1118 1917 1164 1980 sic
1190 1917 1355 1981 tractabat
1381 1916 1569 1984 humaniter
1593 1931 1767 2006 tamquam

364 2037 497 2114 amicos,
518 2035 663 2118 ipsisque
685 2042 799 2098 contra
821 2051 898 2095 suos
921 2027 1060 2094 Parthos
1081 2028 1300 2092 abutebatur:
1324 2029 1404 2093 dum
1427 2030 1564 2110 sinebat,
1581 2053 1618 2097 se
1639 2034 1684 2099 ab
1704 2035 1769 2100 illis

366 2148 480 2222 audiri,
499 2145 590 2230 quod
612 2146 757 2210 facturus
775 2143 855 2228 quid
877 2142 981 2206 soret:
1005 2140 1140 2222 quando
1162 2149 1274 2203 tamen
1297 2140 1361 2204 alia
1383 2143 1551 2224 cogitabat
1574 2145 1707 2211 omnia:
1731 2157 1769 2211 ut

367 2260 413 2324 illi
433 2260 477 2324 de
496 2257 660 2341 perceptis
683 2257 777 2340 quasi
800 2253 944 2317 consiliis
966 2251 1112 2316 lacerent
1134 2251 1287 2315 certiores
1307 2249 1464 2316 Parthos:
1489 2263 1522 2317 et
1543 2255 1597 2319 isti
1619 2256 1663 2320 ad
1686 2277 1769 2320 nun-

369 2372 455 2436 ciata
477 2376 631 2453 pararent
652 2388 689 2430 se
711 2365 863 2442 interim3
893 2372 932 2427 ut
954 2362 1106 2445 imparati
1128 2361 1372 2426 offenderentur
1392 2362 1479 2440 alibi,
1503 2365 1559 2428 ubi
1581 2387 1658 2431 uere
1681 2367 1770 2450 ipsos

370 2481 527 2548 inuadere
548 2478 737 2543 Asculanos
760 2485 872 2540 noster
894 2474 1063 2556 cogitabat
1072 2471 1093 2537 ¹.
1149 2472 1195 2537 Et
1218 2472 1392 2538 Mauritius
1416 2474 1603 2557 imperator.
1617 2478 1771 2543 obsessos

370 2592 533 2678 quosdam
559 2610 635 2653 suos
663 2587 798 2665 monuit,
823 2594 861 2650 ut
885 2586 1062 2649 durarent:
1097 2603 1299 2666 senemque
1325 2587 1521 2667 praedatum
1546 2587 1593 2651 ire
1619 2589 1652 2652 in
1676 2610 1772 2674 agros

370 2704 535 2770 hostium:
566 2709 600 2766 et
630 2698 788 2783 praedam
818 2699 884 2761 iam
914 2694 1095 2761 confecisse
1123 2715 1280 2778 magnam
1311 2695 1483 2761 mulierum
1510 2707 1544 2763 et
1570 2720 1678 2764 rerum
1701 2721 1772 2765 om-

371 2811 495 2881 niumss.
539 2813 657 2896 Atque
673 2811 755 2875 haec
774 2809 857 2873 salsa
880 2817 974 2873 erant
998 2817 1120 2871 tamen.
1168 2805 1235 2872 Sed
1257 2816 1370 2871 tamen
1389 2829 1429 2872 ea
1446 2810 1527 2873 dum
1547 2809 1652 2874 hostis
1672 2813 1773 2894 audit,

372 2925 563 3008 interceptis
582 2919 669 3010 (ipso
692 2921 726 2986 id
750 2929 884 2985 curante
907 2915 1078 3004 Mauritio)
1095 2917 1205 2995 literis,
1224 2938 1357 2982 suorum
1380 2919 1515 2984 timidus
1533 2921 1631 2986 soluit
1650 2924 1774 2990 obsidi-

373 3059 481 3103 onem.
527 3035 643 3102 Simile
664 3043 778 3099 autem
800 3052 875 3097 curn
896 3031 1057 3096 Uentidio
1079 3030 1185 3113 egisse
1206 3028 1412 3112 Agesilaum,
1434 3031 1628 3097 Plutarchus
1651 3056 1776 3099 merno-

374 3151 456 3216 rat³.
510 3149 557 3213 Et
580 3146 688 3211 simile
711 3144 787 3209 huic
812 3143 960 3207 Mauritii
983 3142 1044 3205 suit
1069 3141 1148 3206 illud
1176 3141 1313 3206 Catonis
1338 3142 1494 3222 Censorii,
1513 3146 1570 3228 qui
1596 3145 1776 3229 Ilergetum

374 3264 538 3329 sociorum
562 3259 681 3343 legatis
704 3257 829 3322 auxilia
852 3254 1033 3337 pollicetur,
1057 3273 1142 3336 quae
1166 3253 1272 3318 socios
1297 3254 1496 3334 confirmare,
1520 3255 1633 3321 hostes
1656 3267 1777 3324 terrere

375 3375 563 3459 potuerint:
601 3381 636 3436 et
659 3391 745 3454 quae
771 3379 885 3433 tamen
912 3387 979 3429 non
1002 3365 1086 3429 serre
1112 3374 1220 3429 certus
1244 3366 1436 3431 decreuerat
1445 3365 1467 3431 ⁴.
1522 3367 1669 3432 Sirnilius
1695 3370 1777 3436 illud

376 3487 496 3565 Flacci,
512 3486 544 3548 in
564 3484 682 3547 eadem
702 3479 867 3562 Hispania
884 3478 927 3541 ab
942 3475 1093 3540 hostibus
1111 3475 1325 3554 circumsessi,
1339 3477 1487 3556 dicentiS,
1501 3476 1647 3544 hostium
1663 3482 1778 3545 urbem

377 3605 605 3681 expugnatam
628 3593 671 3656 ab
694 3590 849 3655 Aemilio.
885 3589 976 3670 quod
999 3587 1093 3650 ueriti
1115 3586 1236 3665 hostes,
1260 3586 1415 3652 Flaccum
1439 3589 1627 3671 relinquunt
1638 3592 1661 3654 ⁵.
1720 3593 1779 3658 Isti

379 3710 425 3774 sic
441 3707 571 3772 mentiti
587 3713 702 3769 contra
715 3701 829 3765 hostes
844 3708 930 3776 sunt,
946 3705 982 3760 ut
1001 3717 1044 3760 ne
1059 3696 1198 3759 uerbum
1213 3717 1289 3760 cum
1304 3697 1455 3761 hostibus
1470 3698 1615 3765 fecerint.
1662 3701 1780 3786 Itaque

378 3820 441 3886 tuti
467 3818 514 3881 sic
540 3836 612 3881 esse
637 3820 776 3897 possunt
800 3811 890 3892 apud
916 3808 1038 3884 hostes,
1062 3806 1151 3888 quod
1175 3806 1325 3873 hostibus
1351 3807 1432 3870 nihil
1458 3810 1675 3891 promiserint,
1700 3813 1780 3879 nihil

379 3929 532 3997 dixerint.

424 4041 515 4125 Quid
555 4057 634 4120 ergo
667 4036 694 4100 si
727 4033 858 4098 hostem
892 4032 1000 4114 ipsum
1032 4029 1229 4112 alloquimur
1261 4029 1484 4096 mendaciter?
1531 4029 1781 4117 Themistocles,

381 4153 525 4219 Graecos
555 4169 632 4213 suos
661 4155 700 4210 ut
728 4153 860 4228 cogeret
890 4151 1003 4208 contra
1030 4141 1145 4205 Persas
1173 4141 1217 4206 ad
1243 4141 1405 4225 proelium
1435 4163 1538 4226 prope
1568 4144 1783 4229 Salaminam,
1816 4179 1830 4198 ι

383 4265 471 4330 misit
502 4262 558 4345 qui
594 4259 701 4324 Persis
737 4279 758 4322 a
795 4277 830 4320 se
868 4255 1035 4320 nunciaret
1072 4254 1115 4318 de
1149 4254 1382 4320 beneuolentia
1414 4276 1492 4340 erga
1528 4257 1618 4336 ipsos
1651 4278 1718 4336 sua,
1749 4270 1784 4324 et

383 4379 426 4443 de
456 4373 657 4439 Graecorum
687 4368 907 4454 trepidatione
943 4375 978 4431 et
1014 4367 1172 4431 instructa
1208 4366 1308 4450 iuga:
1342 4387 1421 4451 ergo
1458 4368 1520 4451 ipsi
1558 4368 1716 4448 uenirent,
1751 4382 1785 4436 et

578 4600 588 4629 ¹
603 4600 662 4651 Dio.
675 4615 717 4666 49.
730 4615 751 4651 c.
765 4613 803 4665 19.
949 4597 960 4626 ¹
976 4598 1063 4656 Cedr.;
1081 4598 1109 4648 P.
1121 4597 1194 4647 Diae.
1208 4605 1245 4661 17.
1388 4597 1398 4627 ⁸
1415 4596 1479 4649 Plut.
1492 4598 1588 4664 Agesil.

706 4683 717 4713 ⁴
733 4682 788 4732 Liu.
801 4696 840 4746 34
854 4697 876 4732 c.
891 4696 929 4732 ra.
1218 4679 1230 4712 ⁸
1246 4681 1313 4746 App.
1326 4681 1402 4747 Hisp.
1413 4695 1435 4730 c.
1447 4681 1487 4733 81.
