4498 5566
701 710 761 762 os
789 711 893 765 susa
921 713 1054 780 astar]
1085 713 1162 768 tls.
1186 715 1209 782 J,
1242 715 1328 768 cna
1352 716 1433 771 XIV.
1724 722 1765 790 57

368 955 522 1037 superior.
580 956 675 1020 Haec
698 957 809 1039 itaque
831 957 1008 1039 fugiuntur.
1061 958 1108 1020 Et
1130 958 1242 1041 itaque
1265 969 1353 1024 recta
1378 960 1458 1024 mihi
1482 960 1618 1025 Romuli
1640 961 1768 1026 dicetur

367 1085 475 1144 causa,
504 1067 561 1149 qui
589 1069 747 1132 aduersus
777 1069 965 1151 ingruentes
996 1068 1138 1132 Sabinos
1164 1068 1252 1132 bello
1279 1091 1315 1134 se
1345 1071 1503 1135 defendit.
1542 1073 1603 1136 etsi
1633 1085 1767 1156 quoque

368 1178 497 1241 dederit
519 1179 591 1260 ipse
613 1199 764 1243 caussam
786 1179 882 1258 bello,
906 1188 939 1242 et
961 1179 1141 1257 offensioni,
1160 1180 1241 1242 dum
1265 1181 1418 1245 mulieres
1440 1183 1512 1246 sine
1535 1203 1626 1247 more
1649 1183 1766 1266 rapuit.

367 1288 444 1372 Qua
459 1289 502 1351 de
520 1310 554 1352 re
570 1297 604 1352 et
619 1291 753 1372 disputo
768 1289 835 1354 late
855 1290 888 1352 in
904 1290 1050 1354 secundo
1066 1290 1149 1353 libro
1164 1291 1207 1353 de
1221 1293 1322 1354 armis
1339 1292 1509 1357 Romanis.
1555 1293 1639 1358 ‘Uis
1655 1314 1767 1357 neces·

367 1400 497 1465 ‘sitatis
529 1410 623 1465 tanta
653 1410 711 1476 est,
746 1401 970 1483 prementibus
1003 1403 1112 1477 armiS,
1143 1410 1180 1465 ut
1209 1422 1294 1483 quae
1324 1403 1456 1466 iniustaae
1474 1410 1558 1481 sunt,
1590 1404 1768 1468 iustissima

368 1511 584 1587 ‘uideantun’
618 1513 703 1576 bene
734 1510 913 1576 Bodinus1.
972 1513 1120 1576 ‘Iustum
1150 1513 1283 1590 bellum,
1310 1514 1429 1595 quibus
1459 1514 1698 1578 necessarium:
1733 1525 1768 1577 et

368 1625 445 1705 ‘pia
466 1644 567 1700 arma,
585 1624 704 1706 quibus
727 1622 817 1687 nulla
840 1623 901 1686 nisi
925 1625 958 1685 in
980 1625 1079 1687 armis
1103 1623 1296 1706 relinquitur
1317 1645 1393 1706 spes
1402 1623 1435 1689 ²!
1479 1624 1537 1688 Ab
1560 1624 1650 1688 omni
1674 1625 1766 1687 uide-

367 1734 444 1800 licet
461 1736 535 1817 lege
553 1735 730 1798 necessitas
754 1745 904 1799 extrema
923 1744 1057 1798 exemta
1080 1745 1131 1799 est
1142 1733 1165 1798 ³.
1211 1735 1257 1800 Et
1276 1745 1389 1800 tamen
1406 1737 1449 1800 ad
1465 1737 1563 1800 istam
1580 1744 1765 1798 extremam

367 1847 596 1910 necessitatem
619 1866 685 1909 non
705 1865 789 1927 cogo
812 1855 1019 1927 praesentem
1038 1846 1274 1910 definitionem.
1311 1855 1370 1910 aut
1393 1855 1578 1910 extremam
1596 1845 1692 1928 capio
1715 1841 1766 1929 (ut

366 1955 451 2042 dixi)
467 1978 527 2040 pro
550 1958 742 2021 condicione
765 1977 872 2020 rerum
894 1956 1075 2021 hominum.
1120 1957 1205 2020 Esto
1226 1957 1314 2020 enim
1337 1977 1398 2020 nec
1418 1957 1460 2020 sit
1479 1957 1665 2033 necessitas
1680 1976 1765 2038 quae
1806 1965 1810 1972 '

367 2089 433 2131 non
459 2068 638 2132 necessitas
663 2087 735 2131 esse
760 2077 881 2150 potest.
915 2067 1060 2149 potuerit
1085 2066 1211 2131 bellum
1234 2067 1339 2131 uitare
1362 2067 1535 2141 Romulus,
1559 2075 1669 2148 raptas
1692 2065 1766 2128 red*

366 2180 487 2244 dendo.
522 2188 558 2243 at
588 2187 699 2242 tamen
729 2178 904 2241 defendere
934 2198 969 2240 se
999 2177 1100 2241 etiam
1130 2178 1238 2259 potuit
1268 2178 1425 2240 aduersus
1453 2176 1566 2240 hostes
1597 2197 1677 2240 mox
1707 2175 1766 2239 ad·

367 2298 540 2354 uentantes
549 2287 571 2354 ⁴.
617 2290 695 2352 Non
711 2288 791 2351 mihi
815 2308 907 2352 mora
925 2298 974 2351 est
996 2289 1029 2350 in
1045 2288 1108 2350 ista
1123 2287 1324 2351 definitione.
1371 2288 1460 2351 Nam
1477 2285 1533 2350 illa
1549 2296 1600 2350 est
1615 2286 1765 2368 quaestio

365 2409 520 2483 spectans
549 2400 592 2462 ad
623 2400 720 2478 ciues,
746 2399 782 2478 si,
808 2399 863 2481 qui
893 2399 1016 2462 offendi
1042 2398 1199 2463 bannitus
1226 2398 1361 2480 impune
1380 2404 1503 2480 potest,
1532 2399 1560 2460 is
1589 2395 1765 2461 defendere

366 2533 402 2575 se
420 2511 524 2594 possit
539 2520 651 2574 tamen
661 2511 682 2575 ⁵.

950 2776 1040 2850 Cae.
1071 2775 1182 2849 XIV.

865 2960 925 3032 De
948 2959 1039 3032 utili
1062 2959 1104 3031 de
1122 2960 1267 3033 annone.

410 3155 562 3219 UTILEM
582 3152 656 3216 dico
674 3149 908 3224 defensionem,
926 3165 1028 3228 quum
1049 3164 1221 3208 mouemus
1239 3165 1300 3208 nos
1318 3145 1451 3225 bellum,
1467 3158 1629 3224 umentes,
1646 3169 1686 3212 ne
1704 3146 1766 3230 ipsi

365 3265 454 3330 bello
476 3273 638 3348 petamur.
679 3263 758 3326 Non
781 3258 915 3324 celerius
933 3258 1108 3339 quisquam
1131 3257 1335 3338 opprimitur,
1354 3278 1454 3339 quam
1478 3259 1534 3340 qui
1559 3259 1639 3322 nihil
1661 3246 1768 3324 timet.

366 3386 400 3440 et
414 3374 714 3459 frequentissimum
729 3381 779 3436 est
794 3371 924 3434 initium
940 3367 1137 3433 calamitatis
1148 3368 1306 3432 securitas
1316 3369 1339 3432 ⁶.
1364 3369 1440 3432 Hoc
1456 3370 1609 3451 primum.
1635 3371 1767 3435 Deinde

366 3496 544 3571 expectare
574 3506 641 3549 non
671 3483 831 3548 debemus
861 3489 1069 3564 praesentem
1099 3479 1178 3554 uim,
1208 3478 1235 3542 si
1266 3479 1395 3543 futurae
1425 3482 1623 3545 occurrimus
1653 3484 1767 3548 tutius.

365 3600 499 3664 ‘Maior
520 3619 604 3681 spes,
629 3597 799 3676 maiorque
822 3593 952 3656 animus
979 3589 1148 3653 inferentis
1172 3589 1249 3664 uim,
1273 3610 1374 3672 quam
1397 3592 1556 3656 arcentis?
1591 3600 1624 3655 et
1647 3611 1767 3673 rursus,

365 3715 373 3744 ‘
389 3710 465 3775 Plus
481 3709 581 3774 animi
601 3706 751 3771 inferenti
766 3703 955 3786 periculum,
972 3720 1074 3781 quam
1089 3698 1295 3782 propulsanti
1307 3697 1330 3763 :²
1349 3700 1465 3764 Liuius
1474 3700 1497 3766 ⁷.
1532 3701 1578 3765 Et
1594 3702 1767 3784 Uegetius,

366 3821 426 3886 ‘Si
449 3819 551 3885 semel
573 3819 678 3882 hostis
700 3813 914 3898 praeuenerit‚
942 3818 1032 3872 metu
1056 3811 1207 3872 uniuersa
1230 3808 1404 3872 turbantur
1413 3806 1445 3874 ⁸.'
1491 3811 1635 3892 Oportet
1658 3813 1766 3894 igitur,

277 3907 280 3912 Ι
365 3929 469 4017 (quod
501 3927 717 4010 Nicephorus,
749 3944 815 3988 non
846 3919 1108 3987 contemnendae
1138 3917 1342 3982 auctoritatis
1375 3917 1563 4005 historicus)
1594 3922 1651 4002 qui
1685 3924 1766 3986 citra

364 4038 546 4125 periculum
565 4037 667 4101 uelint
685 4036 804 4112 uiuere,
820 4055 876 4098 eos
896 4050 1063 4096 occurrere
1081 4027 1348 4111 impendentibus
1371 4028 1474 4107 malis,
1493 4039 1527 4095 ct
1546 4039 1763 4100 anteuertere.

365 4173 425 4217 nec
440 4170 513 4214 esse
528 4147 760 4222 cunctandum,
777 4154 835 4209 aut
851 4141 1107 4226 expectandum,
1123 4149 1159 4204 ut
1174 4149 1346 4222 acceptam
1361 4139 1512 4204 iniuriam
1528 4162 1604 4206 cum
1619 4144 1764 4226 periculo

364 4261 537 4340 ulciscaris,
555 4261 583 4324 si
606 4261 639 4324 in
662 4257 847 4342 praesentia
870 4253 1043 4319 crescentis
1065 4251 1198 4335 plantae
1221 4252 1365 4316 radicem
1387 4253 1575 4333 praecidere
1597 4255 1712 4338 possis,
1730 4265 1764 4320 et

364 4461 452 4511 ¹Bod.
465 4459 605 4524 5.deRep.
618 4473 641 4522 5.
713 4455 794 4504 ¹Liu.
806 4454 850 4504 lib.
862 4469 886 4520 9.
898 4469 920 4503 c.
934 4466 956 4501 1.
1021 4451 1069 4502 ὀ.
1083 4468 1121 4516 23·
1134 4453 1208 4504 deU.
1220 4452 1245 4503 S.
1258 4453 1303 4515 (D.
1317 4467 1356 4516 50.
1369 4452 1420 4514 16).
1493 4453 1586 4503 ⁴Tcrt.
1598 4417 1711 4505 de'Cast.
1726 4469 1764 4507 11.

429 4536 854 4602 ⁵eastr.1.1.deiust.(1>.1.1).
893 4534 999 4585 ‘Paten
1011 4533 1056 4585 lib.
1071 4549 1092 4584 a.
1104 4537 1196 4586 c.118.
1237 4533 1319 4585 'Liu
1331 4536 1374 4585 lib.
1388 4549 1425 4585 21.
1437 4550 1459 4585 c.
1470 4534 1562 4598 44‚lib.
1574 4536 1698 4600 28.c.44.

960 4618 970 4647 ⁸
986 4618 1074 4682 Veget.
1086 4617 1130 4666 lib.
1145 4631 1167 4681 3.

1055 4801 1068 4852 I
