4522 5570
487 733 547 798 118
972 740 1176 794 ALBERICI
1203 740 1405 794 GENTILIS

485 989 537 1052 sit.
583 987 732 1053 Stolidae
746 985 973 1069 argutationes
989 985 1072 1049 istae
1090 992 1176 1048 sunt.
1222 985 1300 1048 Non
1326 985 1566 1064 Innocentium,
1582 1005 1648 1049 non
1667 986 1723 1068 qui
1738 987 1887 1069 sequitur

487 1099 726 1178 Innocentium,
749 1119 883 1181 possum
909 1097 1050 1178 probare
1076 1095 1111 1160 P.
1139 1094 1362 1174 Castrensem,
1384 1097 1541 1176 dicentes,
1564 1098 1683 1161 iustam
1711 1119 1784 1161 esse
1809 1099 1888 1162 belli

486 1231 635 1274 caussam
659 1219 773 1274 contra
795 1207 954 1286 infideles,
975 1207 1168 1271 charitatem
1179 1205 1199 1272 ¹.
1245 1207 1317 1270 Nec
1340 1214 1453 1270 tamen
1476 1208 1627 1291 improbo
1651 1208 1889 1291 Dagobertum,

486 1322 642 1387 Carolum
674 1321 846 1403 Magnum,
873 1320 986 1384 diuum
1015 1319 1233 1396 Ludouicum,
1260 1319 1316 1400 qui
1347 1319 1445 1384 istam
1475 1321 1705 1384 necessitatem
1733 1320 1888 1384 audiendi

484 1435 732 1499 concionatores
757 1431 849 1495 uerbi
875 1430 977 1494 diuini
1005 1430 1125 1508 Frisiis,
1149 1429 1331 1507 Saracenis,
1351 1429 1443 1493 Afris
1469 1431 1688 1495 iniunxerunt.
1719 1452 1795 1495 nam
1820 1433 1888 1496 uic-

483 1548 525 1610 tis
551 1546 789 1609 iniunxerunt:
820 1563 886 1606 non
913 1550 1087 1605 mouerunt
1113 1550 1287 1622 propterea
1310 1539 1466 1605 bellum².
1512 1542 1609 1625 Quae
1633 1544 1675 1606 de
1702 1545 1798 1607 uictis
1824 1543 1889 1607 alia

484 1658 633 1740 quaestio
657 1666 725 1721 est:
758 1655 801 1717 de
823 1675 890 1736 qua
912 1652 1045 1735 explico
1067 1653 1100 1714 in
1124 1653 1223 1716 tertio
1245 1652 1336 1716 libro.
1383 1653 1494 1717 Etiam
1519 1654 1709 1735 probaueris
1733 1654 1887 1719 Carolum

484 1769 694 1832 Martellum:
724 1768 780 1849 qui
807 1765 932 1829 bellum
961 1764 1064 1827 mouit
1091 1773 1227 1845 propter
1249 1765 1346 1827 istam
1374 1785 1525 1829 caussam
1548 1767 1725 1830 aduersum
1753 1767 1887 1830 eosdem

484 1881 616 1944 Frisios.
647 1899 724 1943 nam
740 1879 784 1953 hi,
801 1879 880 1941 olim
897 1877 984 1955 uicti,
1000 1876 1033 1940 id
1050 1876 1159 1957 ipsum
1178 1875 1372 1940 ex-soedere
1388 1876 1566 1941 debebant.
1612 1878 1741 1941 Bellum
1759 1899 1887 1942 sacrum

483 2001 598 2056 contra
628 1991 823 2068 Phocenses,
849 1997 883 2052 et
916 1987 1022 2051 simile
1055 1987 1215 2050 indictum
1244 1986 1417 2070 Spartanis
1446 1989 1489 2051 ab
1520 1989 1666 2071 Argiuis,
1691 1999 1725 2053 et
1757 1999 1888 2073 gestum

482 2103 672 2186 quingentis
697 2102 740 2165 ab
766 2101 843 2164 hinc
868 2098 963 2162 annis
989 2099 1022 2162 in
1050 2098 1156 2179 Syria,
1184 2100 1230 2163 sic
1256 2099 1452 2175 defenditur,
1478 2100 1569 2182 quod
1601 2100 1741 2164 honesta
1771 2123 1888 2166 caussa

482 2215 545 2279 luit
572 2213 683 2279 ulcisci
709 2210 837 2294 templa
863 2220 975 2275 nostra
1001 2219 1036 2273 et
1061 2229 1252 2274 communes
1279 2209 1452 2292 religiones
1474 2210 1624 2276 uiolatas.
1654 2222 1690 2276 ut
1717 2213 1763 2276 ita
1786 2213 1889 2277 Lace-

481 2325 648 2391 daemonii
674 2333 708 2388 et
734 2324 777 2387 ob
804 2321 885 2386 alias
911 2341 1052 2399 caussas,
1074 2331 1108 2386 et
1134 2321 1178 2384 ob
1200 2320 1285 2384 hanc
1309 2329 1445 2385 mouent
1467 2320 1593 2385 bellum
1616 2322 1888 2403 Atheniensibus,

482 2439 538 2522 qui
555 2437 780 2502 communium
799 2434 994 2516 religionum
1010 2432 1185 2497 uiolatores
1202 2433 1292 2515 apud
1311 2453 1347 2496 se
1365 2432 1527 2499 haberent
1537 2433 1558 2498 ³.
1601 2435 1645 2498 Et
1664 2434 1888 2501 Athenienses

482 2558 597 2614 contra
613 2546 904 2623 Lacedaemonios,
919 2545 975 2627 qui
991 2545 1129 2608 eductos
1144 2545 1187 2608 de
1202 2545 1335 2626 templis
1352 2544 1515 2626 supplices
1533 2546 1758 2610 obtruncarint
1773 2557 1889 2611 contra

484 2662 534 2724 ius
556 2661 714 2743 gentium.
762 2657 857 2721 Haec
887 2656 1027 2720 honesta
1056 2655 1134 2720 belli
1168 2677 1303 2720 caussa:
1338 2676 1425 2739 quae
1447 2657 1639 2721 communis.
1686 2657 1776 2742 Quid
1808 2658 1887 2722 mihi

484 2771 650 2854 improbet
680 2769 880 2851 reliquisque
908 2766 1137 2844 Couarruuias,
1165 2767 1256 2832 aliud
1287 2766 1420 2844 bellum,
1451 2768 1540 2850 quod
1572 2769 1785 2833 uiolatoribus
1812 2771 1888 2834 iuris

486 2891 631 2960 naturae,
645 2881 723 2944 iuris
746 2880 941 2957 communis,
956 2879 1100 2958 insertur,
1116 2878 1181 2942 illis
1202 2877 1493 2961 anthropophagiS,
1510 2888 1543 2942 et
1564 2879 1874 2945 concubitoribus⁴l

539 2993 669 3058 Bellum
700 2993 737 3056 fit
767 2991 881 3074 piratis
906 2992 1000 3056 iuste.
1046 2991 1092 3054 Et
1116 2998 1291 3054 mouerunt
1322 2992 1406 3054 iuste
1438 2992 1581 3055 Romani
1605 3003 1720 3057 contra
1747 2992 1888 3077 Illyrios,

485 3106 648 3184 Baleares,
679 3104 815 3168 Cilices:
850 3104 912 3167 etsi
941 3101 1022 3166 nihil
1047 3103 1284 3181 Romanorum,
1307 3111 1364 3167 aut
1391 3105 1563 3182 sociorum,
1594 3105 1888 3170 coniunctorumue

483 3221 623 3285 aliomm
657 3217 845 3300 attigissent
878 3216 940 3280 isti.
971 3235 1048 3278 nam
1079 3215 1245 3278 uiolarunt
1277 3234 1453 3278 commune
1486 3217 1537 3279 ius
1569 3218 1728 3299 gentium.
1785 3217 1831 3281 Et
1861 3220 1887 3280 si

483 3333 661 3396 aduersum
695 3329 818 3412 piratas
852 3327 931 3391 facit
960 3327 1078 3404 etiam,
1106 3327 1196 3409 quod
1229 3335 1302 3390 tum
1332 3327 1476 3408 proximi
1510 3327 1662 3407 charitas,
1689 3339 1722 3394 et
1756 3338 1793 3392 ut
1827 3330 1887 3393 sub

484 3444 661 3508 securitate
687 3441 720 3503 in
749 3459 831 3522 pace
857 3440 996 3517 uiuatur,
1022 3447 1130 3503 armat
1155 3456 1270 3501 omnes
1297 3438 1404 3502 iuste:
1439 3447 1551 3502 tamen
1579 3450 1613 3504 et
1638 3461 1813 3505 commune
1839 3442 1889 3506 ius

485 3556 594 3637 ipsum
610 3554 735 3616 laesum
751 3550 948 3633 generaliter
966 3551 1054 3614 idem
1073 3549 1231 3626 attribuit,
1247 3557 1280 3612 et
1298 3551 1482 3613 communis
1500 3561 1618 3629 natura
1635 3553 1724 3616 laesa
1733 3553 1754 3617 ὅ.
1800 3553 1888 3617 Pira-

484 3667 550 3729 tica
570 3674 620 3728 est
642 3673 757 3728 contra
776 3663 826 3726 ius
845 3662 1002 3744 gentium,
1020 3670 1053 3725 et
1076 3670 1190 3725 contra
1212 3660 1378 3724 humanae
1400 3663 1568 3726 societatis
1591 3665 1888 3729 communionem.

486 3779 532 3842 Et
555 3779 666 3860 itaque
692 3784 897 3858 promeretur
922 3773 1047 3837 bellum
1070 3773 1114 3836 ab
1139 3773 1314 3837 omnibus:
1349 3773 1426 3854 quia
1453 3773 1486 3836 in
1511 3796 1550 3838 eo
1572 3775 1641 3838 iure
1668 3777 1746 3840 laesi
1773 3798 1889 3841 omnes

485 3890 596 3952 laeso:
620 3897 654 3951 et
676 3886 795 3969 singuli
819 3887 852 3949 in
875 3906 911 3949 se
934 3885 1019 3949 laedi
1043 3885 1200 3967 deinceps
1221 3893 1380 3966 possunt:
1404 3905 1446 3947 an
1470 3905 1536 3949 non
1559 3896 1610 3951 est
1632 3885 1700 3952 ita?
1747 3889 1792 3952 Et
1810 3909 1889 3972 ergo

486 3999 644 4084 quoniam
666 3999 753 4062 laedi
776 4017 952 4081 possumus
975 3997 1054 4060 item
1077 3996 1197 4078 singuli
1216 3996 1259 4059 ab
1278 3997 1349 4060 istis
1367 3995 1582 4061 uiolatoribus
1600 4009 1745 4079 naturae,
1763 4001 1888 4065 bellum

486 4113 611 4178 eisdem
642 4111 698 4175 fiet
727 4131 747 4173 a
773 4109 918 4192 singulis.
972 4108 1110 4171 Nullum
1138 4128 1246 4189 neque
1274 4106 1326 4171 his
1353 4109 1492 4172 debetur
1521 4111 1579 4189 ius,
1605 4112 1661 4193 qui
1695 4112 1745 4174 ius
1775 4113 1889 4195 sasque

486 4245 586 4289 omne
615 4223 816 4305 abruperint,
840 4231 873 4285 et
896 4221 961 4304 qui,
982 4221 1146 4284 coniuncti
1173 4219 1206 4282 in
1230 4221 1348 4284 eadem
1372 4230 1489 4285 natura
1520 4223 1701 4302 nobiscum,
1729 4225 1887 4288 iunctioni

485 4337 561 4400 huic
577 4343 756 4417 aspergunt
774 4331 920 4398 maculas
935 4331 1185 4396 abominandas.
1243 4330 1299 4396 Sic
1315 4341 1365 4396 est
1381 4353 1446 4397 non
1463 4335 1563 4398 modo
1579 4335 1674 4399 ciuile
1690 4336 1739 4400 ius
1755 4337 1888 4418 sponsio

502 4559 609 4610 'Casta
621 4560 683 4625 Rep.
695 4557 713 4608 l.
725 4572 747 4619 5.
760 4555 859 4605 deiust.
871 4553 917 4617 (D.
931 4567 952 4602 1.
967 4556 1001 4617 1).
1076 4553 1130 4604 ¹P.
1142 4553 1289 4606 Aemillib.
1303 4569 1325 4607 1.
1338 4571 1360 4605 α.
1375 4569 1396 4620 7.
1468 4557 1872 4619 ’Thuclib.1;Diod.1².16.

519 4641 636 4692 ⁴Couar.
649 4643 711 4707 Reg.
724 4641 794 4689 Pecc.
806 4656 831 4703 p.
845 4642 947 4698 atro.
1013 4636 1093 4686 'Bal
1106 4651 1129 4702 5.
1142 4652 1210 4687 cons.
1223 4639 1386 4702 4393Castr.
1399 4639 1416 4689 l.
1430 4653 1451 4690 1.
1464 4641 1495 4690 de
1507 4639 1563 4690 iust.
1630 4640 1678 4691 ὀ.
1693 4656 1730 4705 15·
1745 4654 1781 4704 14.
1794 4657 1818 4706 q,
1831 4655 1854 4705 5.
