4498 5566
731 747 791 800 DE
819 747 922 801 IURE
951 747 1085 819 BELLI,
1114 748 1241 820 LJB.I,
1272 748 1361 806 CAP.
1383 750 1438 805 XI.

988 1124 1076 1198 Cre.
1109 1123 1180 1197 Xl.

484 1330 556 1404 An
581 1329 720 1403 subditi
744 1327 872 1400 bellent
894 1335 1023 1400 ceneten
1039 1327 1248 1423 principem
1272 1351 1466 1398 exuensne
1492 1327 1688 1422 religionis.

428 1535 532 1619 QUID
562 1553 641 1597 uero
670 1532 697 1595 si
727 1531 879 1614 princeps
909 1541 1037 1596 mutare
1063 1531 1255 1614 religionem
1282 1529 1422 1594 subditis
1451 1529 1531 1594 uelit
1560 1531 1704 1611 omnino,
1726 1541 1784 1598 aut

384 1647 555 1729 antiquam
577 1654 743 1727 receptam
764 1641 925 1707 retinere?
979 1644 1025 1707 Et
1047 1644 1222 1726 probatum
1245 1642 1326 1706 mihi
1349 1651 1407 1722 est,
1425 1641 1549 1706 bellum
1572 1663 1639 1706 non
1661 1643 1783 1707 iustum
1883 1670 1884 1674 ¹

383 1781 404 1824 a
421 1758 561 1824 subditis
580 1777 651 1822 esse
671 1757 705 1819 in
726 1756 907 1838 principem
925 1776 1022 1819 suum
1041 1755 1102 1820 hic.
1149 1755 1194 1819 Et
1214 1755 1318 1819 multo
1337 1755 1453 1834 minus,
1472 1755 1499 1817 si
1518 1753 1599 1816 nihil
1619 1754 1689 1836 ipse
1707 1755 1783 1819 sub·

384 1871 461 1936 ditis
486 1868 705 1954 praescribat:
736 1876 771 1930 at
797 1867 858 1930 sibi
883 1875 940 1930 aut
965 1876 1080 1946 mutat,
1101 1876 1157 1931 aut
1183 1867 1301 1930 retinet
1326 1867 1525 1949 religionem.
1570 1864 1669 1948 Quod
1694 1867 1782 1930 enim

382 1982 445 2046 sibi
472 1980 614 2063 populus
640 1979 708 2043 fieri
734 1978 845 2057 nollet,
865 1987 898 2042 et
924 1999 984 2042 nos
1011 1979 1165 2058 diximus,
1187 1977 1256 2042 fieri
1283 1978 1406 2061 populo
1433 1999 1499 2041 non
1524 1987 1683 2060 oportere,
1706 1979 1783 2043 ida

382 2092 506 2175 populo
529 2112 588 2156 nec
608 2091 675 2169 fiet,
694 2112 753 2156 nec
777 2091 877 2154 debet
899 2091 1037 2173 principi
1061 2090 1138 2154 fieri.
1184 2090 1438 2172 ‘Unusquisque
1460 2089 1623 2172 patienter
1644 2089 1735 2171 ierat,
1754 2091 1782 2154 si

383 2207 472 2268 ‘non
489 2213 724 2286 extorqueatur
741 2203 939 2285 imperatori,
955 2202 1045 2285 quod
1065 2201 1216 2266 modeste
1232 2201 1330 2264 ferret
1345 2202 1372 2264 si
1388 2202 1417 2265 ei
1433 2209 1630 2284 extorquere
1648 2211 1782 2285 cuperet

383 2317 583 2398 ‘imperator
594 2314 616 2378 :²
639 2324 672 2379 et
690 2324 799 2378 cetera
813 2313 876 2377 hac
891 2313 933 2376 de
952 2334 986 2377 re
1004 2312 1202 2376 Ambrosius
1212 2311 1233 2376 ¹.
1276 2313 1395 2395 Neque
1413 2323 1525 2376 tamen
1544 2313 1708 2396 exempla,
1724 2325 1782 2379 aut

382 2427 525 2492 rationes
549 2427 582 2490 in
605 2426 804 2490 contrarium
826 2425 954 2489 desunt.
1011 2423 1147 2487 Etenim
1169 2425 1196 2486 si
1219 2432 1355 2505 propter
1377 2424 1545 2488 desertum
1567 2425 1692 2490 cultum
1715 2427 1780 2491 Dei

381 2560 402 2602 a
417 2559 501 2620 rege,
518 2538 605 2602 mala
622 2536 754 2621 populis
775 2536 959 2618 contigisse,
978 2543 1111 2599 narrant
1131 2534 1205 2598 libri
1228 2533 1350 2599 sacri²:
1382 2545 1424 2614 et,
1440 2535 1623 2619 ‘Quicquid
1638 2537 1781 2603 delirant

382 2653 508 2733 ‘reges,
523 2649 713 2733 plectuntur
727 2643 879 2719 Achiui?
904 2645 995 2730 Quid
1018 2667 1085 2710 non
1112 2667 1148 2710 se
1170 2646 1352 2710 defendant
1378 2646 1502 2710 subditi
1525 2658 1641 2712 contra
1662 2650 1780 2731 princi-

382 2759 480 2845 pem?
528 2762 574 2826 Et
600 2761 782 2844 principem
806 2779 872 2822 non
897 2766 1018 2841 cogent
1042 2757 1075 2820 in
1100 2757 1226 2821 cultum
1251 2757 1353 2821 diuini
1379 2757 1543 2822 numinis?
1591 2761 1712 2841 Etiam,
1736 2762 1780 2824 ‘si

380 2873 477 2956 ‘quis
493 2874 535 2937 de
553 2872 677 2956 populo
691 2871 811 2950 deuiat,
827 2869 916 2934 solus
934 2870 1039 2952 perit:
1062 2890 1176 2933 uerum
1196 2870 1355 2953 Principis
1374 2891 1462 2935 error
1480 2871 1601 2936 multos
1620 2873 1779 2952 inuoluit;

380 2989 388 3018 ‘
404 2994 438 3049 et
453 2986 554 3049 tantis
569 2985 672 3064 obest,
688 2983 819 3066 quantis
834 2981 982 3065 praeest.’
1026 2984 1116 3064 quod
1133 2981 1288 3065 Princeps
1303 2983 1346 3046 ad
1365 2983 1551 3065 Principem
1571 2985 1693 3064 scribit,
1712 2986 1780 3050 dic·

380 3106 473 3162 tante
488 3096 656 3160 Bernardo
667 3095 689 3162 ³.
735 3094 851 3160 Cicero
869 3105 981 3159 autem
997 3094 1198 3177 elegantius:
1223 3095 1313 3158 ‘Nec
1328 3103 1459 3158 tantum
1478 3095 1555 3159 mali
1574 3107 1625 3161 est
1643 3117 1779 3179 peccare

380 3208 579 3290 ‘Principes,
598 3217 758 3291 quantum
780 3207 871 3286 illud,
889 3206 979 3289 quod
1001 3205 1156 3288 permulti
1180 3206 1280 3270 etiam
1303 3207 1485 3270 imitatores
1508 3207 1697 3291 Principum
1719 3231 1779 3273 ex-

379 3319 524 3399 ‘istunt,'
547 3318 632 3385 etc.4
677 3319 810 3402 Bulgari
832 3328 946 3383 contra
968 3338 1081 3400 regem
1107 3338 1204 3381 suum
1230 3328 1405 3398 armantur,
1427 3319 1483 3402 qui
1509 3319 1615 3385 iactus
1641 3320 1779 3387 Christi·

379 3453 460 3496 anus
487 3431 635 3495 fuisset⁵.
689 3431 940 3495 Adiabenorum
969 3439 1120 3513 satrapae
1149 3439 1275 3512 petunt,
1300 3431 1368 3514 regi
1395 3453 1455 3494 suo
1485 3453 1505 3494 a
1535 3432 1641 3497 Persis
1671 3433 1779 3499 inferri

379 3543 523 3608 bellum:
554 3544 631 3626 quia
652 3542 758 3608 sactus
782 3543 933 3620 Iudaeus,
956 3542 1097 3624 patriam
1119 3541 1311 3624 religionem
1335 3543 1514 3608 deseruerit
1523 3544 1545 3609 ⁸.
1590 3544 1681 3628 Quid
1705 3567 1778 3611 nar-

379 3677 449 3721 rem
479 3655 655 3720 maledicta
685 3655 718 3718 in
748 3655 911 3718 Alexium
942 3652 1195 3718 Comnenum⁷i
1240 3653 1286 3718 Et
1315 3655 1489 3720 seditiosas
1515 3676 1614 3720 uoces
1638 3657 1719 3721 olim
1745 3659 1778 3721 in

380 3769 544 3834 Francum
571 3765 705 3851 regem?
727 3767 783 3849 qui
810 3767 1008 3830 desciuerint
1033 3787 1053 3828 a
1079 3773 1212 3847 recepta
1238 3764 1415 3848 religione:
1439 3776 1473 3831 et
1499 3768 1606 3831 minus
1632 3769 1678 3851 pii
1701 3789 1779 3852 erga

379 3881 490 3944 Deum
516 3879 578 3942 nisi
600 3879 741 3943 subditis
764 3886 841 3941 sunt
850 3875 872 3941 ⁸.
917 3876 1038 3940 Uiden’
1060 3877 1224 3941 Francisci
1246 3879 1432 3959 praesentia
1455 3877 1551 3957 bella,
1572 3878 1634 3943 hoc
1658 3880 1777 3943 eodem

378 3993 480 4056 modo
502 4000 669 4056 commota
687 4012 707 4055 a
725 3989 837 4054 multis
862 3987 990 4052 Galliae
1010 3997 1043 4051 et
1064 3988 1252 4052 ciuitatibus
1271 3997 1304 4051 et
1324 3988 1488 4052 nobilibus
1511 3990 1670 4054 aduersus
1690 3992 1777 4057 hunc

380 4102 564 4168 Henricum
593 4111 757 4185 quartum,
783 4121 882 4184 quem
909 4099 1046 4163 tandem
1069 4109 1103 4164 et
1126 4100 1241 4164 uident
1264 4121 1343 4164 suae
1364 4100 1551 4184 religionis?
1605 4103 1777 4169 Romanus

377 4214 543 4280 exercitus
570 4215 805 4298 obsequentior
836 4212 1017 4289 Iouiuianq
1045 4211 1207 4276 recusanti
1234 4211 1383 4276 delatum
1413 4213 1595 4296 imperium,
1621 4216 1777 4297 quoniam

442 4489 558 4541 ‘Ambe
569 4489 641 4555 epist.
654 4503 694 4553 54.
787 4489 900 4540 ²2Chr.
915 4492 953 4539 28.
1052 4490 1149 4539 ³Bem.
1161 4489 1233 4554 epist.
1248 4497 1302 4552 ¹²7·
1402 4486 1482 4538 ‘Ciu
1495 4501 1517 4550 3.
1529 4488 1560 4538 de
1573 4488 1661 4554 legib.
1671 4476 1714 4554 14.

500 4573 588 4622 ⁸Z0n.
602 4571 639 4622 16.
650 4589 671 4624 c.
688 4587 717 4631 23
735 4572 807 4623 Cedr.
891 4571 979 4622 οΖοη.
1061 4569 1180 4621 'Niceta
1193 4573 1229 4637 (p.
1242 4585 1288 4634 ²3²
1303 4571 1344 4635 B).
1422 4569 1476 4619 ⁸P.
1489 4570 1561 4621 Aem.
1574 4571 1619 4622 lib.
1631 4583 1654 4634 5.
