4522 5570
704 779 706 782 ¹
745 791 806 844 DE
835 789 938 845 IURE
965 791 1100 858 BELLI,
1130 789 1208 845 LIB.
1232 790 1272 857 II,
1305 791 1391 844 CAP.
1415 791 1440 844 I.
1733 795 1792 863 127

392 1036 539 1100 ‘iustitia
564 1055 628 1098 non
657 1043 766 1117 potest
794 1033 939 1096 inuenire
949 1029 980 1095 ¹.'
1026 1029 1071 1095 Et
1101 1032 1198 1110 idem,
1226 1030 1336 1114 ‘Quid
1364 1053 1447 1116 opus
1473 1034 1598 1100 homini
1625 1033 1746 1116 lingua,
1769 1034 1795 1096 si

392 1153 564 1212 ‘caussam
585 1167 702 1210 manus
720 1154 798 1228 agat
819 1140 985 1207 armata?’
1018 1142 1072 1207 Sic
1093 1143 1177 1206 Iuno
1197 1152 1297 1226 atque
1317 1144 1425 1207 Pallas
1446 1144 1563 1208 uolunt
1582 1143 1796 1226 Argonautas

392 1279 490 1342 agere
512 1279 587 1323 cum
610 1257 709 1336 Aeta,
729 1266 820 1320 utut
844 1255 914 1318 uiro
937 1255 1035 1318 ualde
1052 1253 1267 1318 truculent02.
1314 1254 1370 1318 Sic
1389 1256 1497 1337 agitur
1515 1257 1716 1320 moderatius
1734 1256 1795 1334 hic,
1881 1304 1883 1308 .

394 1380 427 1434 et
451 1370 577 1446 merito,
600 1378 735 1452 propter
758 1367 875 1432 caedes
903 1376 937 1430 et
960 1375 1095 1449 propter
1119 1367 1327 1444 uastationes,
1348 1387 1448 1448 quam
1472 1368 1556 1430 circa
1582 1368 1795 1450 represalias:

393 1482 448 1545 ubi
475 1481 698 1563 distinguitur,
721 1481 811 1562 quod
834 1487 891 1542 aut
913 1479 1029 1540 iniuria
1052 1477 1138 1541 facta
1164 1498 1184 1540 a
1211 1478 1340 1560 priuato
1363 1488 1422 1556 est,
1446 1488 1479 1542 et
1502 1481 1646 1561 petenda
1672 1479 1796 1542 iustitia

392 1594 435 1656 sit
458 1615 478 1655 a
503 1593 696 1675 magistratu
724 1591 787 1654 loci
818 1592 906 1653 unde
936 1589 1052 1652 iniuria
1082 1599 1153 1652 est:
1184 1599 1241 1652 aut
1265 1612 1285 1652 a
1309 1589 1441 1672 publico
1468 1589 1556 1654 facta
1580 1600 1638 1668 est,
1662 1600 1695 1654 et
1723 1599 1795 1653 tum

392 1706 512 1768 dentur
530 1703 724 1786 represaliae
742 1722 802 1765 nec
821 1703 925 1784 petita
943 1702 1066 1764 iustitia
1085 1701 1173 1784 prius
1183 1701 1204 1766 ³.
1251 1702 1297 1764 Et
1315 1701 1399 1765 forte
1418 1711 1467 1765 est
1487 1702 1578 1780 rati0‚
1593 1703 1670 1784 quia
1689 1723 1796 1785 repre-

394 1815 494 1879 saliae
513 1825 546 1878 et
569 1823 705 1897 propter
722 1813 858 1877 omnino
875 1813 1106 1894 denegandam
1126 1813 1284 1876 iustitiam
1304 1813 1432 1877 dentur.
1463 1823 1563 1894 atque
1584 1812 1638 1876 hic
1660 1815 1796 1876 omnino

393 1927 481 1990 credi
512 1927 624 2009 possit,
651 1934 806 2008 negatam
837 1924 884 2002 iri,
908 1925 964 1987 ubi
995 1925 1164 2006 publicum
1195 1934 1309 1988 contra
1339 1923 1464 1988 factum
1490 1945 1594 2002 suum,
1618 1934 1730 1988 contra
1761 1947 1797 1988 se

392 2047 536 2102 statuere
558 2035 690 2102 habet4.
736 2036 907 2100 Publicum
931 2037 1005 2100 dico
1027 2044 1085 2099 aut
1107 2034 1266 2117 populum
1290 2035 1437 2115 liberum,
1454 2044 1513 2098 aut
1535 2036 1735 2118 principem:
1760 2047 1796 2101 ut

393 2158 492 2213 antea
515 2158 565 2211 est
588 2148 798 2231 expositum:
823 2148 878 2230 qui
898 2149 941 2210 de
964 2147 1122 2211 iniustitia
1145 2155 1276 2229 patrata
1298 2167 1318 2209 a
1337 2167 1379 2224 se,
1395 2148 1448 2210 uel
1472 2157 1591 2229 negata
1610 2147 1733 2211 iustitia
1750 2150 1796 2212 sic

394 2260 646 2324 conueniendus.
685 2280 762 2322 nam
789 2258 891 2322 alium
919 2259 1146 2339 magistratum
1174 2257 1359 2321 inferiorem
1386 2279 1406 2321 a
1431 2259 1586 2341 principe,
1612 2268 1646 2323 et
1676 2262 1796 2342 magis·

393 2378 516 2433 tratum
533 2369 626 2433 liberi
645 2371 759 2452 populi
775 2369 956 2451 quemlibet
972 2369 1046 2432 dico
1066 2369 1242 2451 priuatum.
1274 2369 1364 2450 quod
1381 2369 1483 2432 etalii
1499 2369 1631 2449 faciunt,
1648 2381 1796 2453 respectu

392 2481 548 2563 principis
572 2489 605 2543 et
629 2480 751 2563 populi,
774 2501 793 2544 a
817 2501 883 2562 quo
910 2481 1057 2562 pendent
1071 2480 1093 2540 ⁶.
1147 2478 1263 2561 Atque
1285 2481 1332 2542 sic
1355 2481 1535 2543 rectissime
1559 2481 1592 2544 in
1616 2483 1796 2563 proposito.

394 2613 471 2655 nam
498 2591 600 2655 habes
625 2592 807 2675 principem
835 2592 904 2654 eius
930 2590 1062 2669 scilicet,
1085 2590 1141 2672 qui
1168 2590 1228 2653 tibi
1256 2591 1298 2653 de
1324 2591 1483 2655 iniustitia
1510 2593 1721 2674 magistratus
1747 2595 1797 2657 sui

393 2703 493 2766 saciat
515 2704 603 2767 satis.
649 2702 685 2766 Si
709 2704 862 2785 princeps
884 2723 950 2766 non
974 2702 1160 2781 satisfaciat,
1182 2711 1254 2765 tum
1278 2711 1329 2766 est
1350 2702 1551 2782 bellandum,
1572 2713 1644 2767 tum
1668 2707 1798 2770 dandae

394 2825 470 2878 sunt
493 2803 696 2896 represaliae.
752 2813 867 2896 Atque
891 2821 995 2886 notes,
1019 2814 1109 2895 quod
1133 2813 1327 2895 represaliae
1353 2823 1430 2877 sunt
1456 2823 1567 2878 tamen
1595 2815 1807 2880 intimandae¹

395 2945 533 3007 semper.
580 2923 635 2989 Sic
662 2925 787 2988 bellum
815 2924 1036 2987 intimandum
1063 2933 1097 2987 et
1124 2945 1204 2986 mox
1227 2926 1409 3007 gerendum
1437 2931 1502 2988 ‘ex
1525 2925 1653 2991 edicto’
1698 2926 1797 3010 Quod

394 3151 461 3210 ‘ex
481 3148 650 3229 praedicto
660 3147 691 3226 ⁶,'
709 3149 766 3210 sed
786 3147 886 3211 etiam
906 3147 995 3229 apud
1015 3146 1157 3225 Liuium,
1176 3147 1232 3209 ubi
1251 3147 1295 3210 de
1317 3147 1430 3225 Metio,
1451 3147 1558 3230 ‘Quia
1575 3170 1655 3212 suae
1673 3150 1798 3215 ciuitati

394 3257 601 3322 ‘animorum
636 3258 709 3341 plus
742 3279 842 3342 quam
873 3258 990 3320 uirium
1021 3258 1176 3321 cernebat
1205 3278 1287 3331 esse,
1314 3260 1358 3321 ad
1391 3258 1515 3322 bellum
1548 3261 1660 3341 palam
1691 3271 1724 3326 et
1754 3284 1798 3326 ex

393 3371 526 3433 ‘edicto
549 3371 730 3451 gerendum
753 3369 834 3432 alios
857 3369 999 3433 concitat
1021 3368 1170 3452 populos
1193 3368 1259 3432 suis
1286 3389 1345 3451 per
1367 3371 1510 3451 speciem
1533 3372 1699 3436 societatis
1722 3393 1797 3455 pro·

394 3481 576 3548 ‘ditionem
608 3479 793 3544 reseruat⁷.’
853 3479 969 3562 Atque
1003 3499 1064 3560 ego
1095 3479 1233 3543 uerbum
1265 3478 1318 3542 hic
1352 3501 1418 3543 non
1452 3502 1585 3565 expono
1616 3485 1658 3547 de
1690 3484 1799 3548 edicto

396 3592 615 3673 magistratus,
638 3601 695 3655 aut
718 3592 818 3669 ducis,
841 3611 942 3673 quum
965 3590 1082 3653 adesse
1105 3599 1138 3653 et
1161 3590 1334 3653 conuenire
1358 3592 1478 3655 milites
1501 3593 1716 3658 iubebantur:
1739 3596 1798 3660 sed

280 3709 285 3718 '
393 3702 457 3765 hoc
491 3703 563 3783 ipso
593 3702 636 3765 de
666 3702 753 3765 lacto
786 3702 899 3764 indicti
934 3709 967 3763 et
1001 3701 1187 3764 denunciati
1220 3699 1331 3764 belliss.
1390 3702 1642 3785 ‘Promulgata,’
1671 3707 1798 3789 opinor,

395 3809 558 3895 ‘praelia’
581 3813 661 3876 dicit
685 3812 800 3877 Cicero
822 3833 865 3875 ex
890 3811 1019 3874 Ennio:
1050 3819 1084 3872 et
1106 3811 1223 3893 aliquis
1247 3830 1361 3872 eorum
1385 3813 1571 3878 criticorum
1593 3819 1799 3899 ‘praedicta’

396 3924 590 4008 nominaret,
606 3942 691 4004 quae
707 3930 785 3986 sunt
802 3922 988 3984 ‘antedicta
998 3917 1031 3983 ⁹.'

440 4034 519 4096 Post
542 4033 702 4096 indictum
724 4033 857 4111 bellum,
881 4033 983 4111 uides,
1008 4031 1193 4113 exspectari
1216 4031 1324 4095 adhuc
1347 4034 1481 4097 solitum
1502 4035 1573 4100 dies
1599 4046 1666 4101 tres
1687 4047 1721 4103 et
1742 4039 1799 4103 tri-

397 4147 498 4227 ginta,
514 4154 693 4227 antequam
709 4154 885 4228 gereretur.
932 4144 978 4207 Et
1000 4144 1034 4208 id
1058 4165 1190 4227 quoque
1208 4143 1303 4207 iuste.
1326 4153 1365 4208 ut
1379 4145 1556 4211 dilationes
1578 4149 1611 4212 in
1634 4150 1798 4233 discepta-

395 4257 540 4320 tionibus
554 4256 615 4321 fori
631 4265 707 4320 sunt
728 4265 803 4339 post
826 4256 1025 4334 citationem,
1042 4255 1143 4320 libelli
1162 4255 1384 4322 oblationem:
1408 4259 1462 4321 ubi
1478 4256 1615 4326 indictio
1633 4263 1799 4344 quaedam

556 4507 564 4535 ¹
582 4507 695 4558 Cassiod.
708 4522 731 4570 3.
743 4507 803 4557 Uar.
817 4521 839 4556 1.
954 4507 964 4535 ²
980 4507 1068 4574 Apoll.
1080 4509 1142 4573 Arg.
1156 4523 1178 4572 3.
1189 4508 1206 4558 l.
1223 4523 1260 4572 15.
1358 4511 1368 4539 ³
1385 4510 1440 4561 Bal.
1452 4528 1475 4573 4.
1488 4527 1556 4562 cons.
1571 4522 1626 4576 107.

444 4589 523 4639 ⁴Bal.
538 4605 559 4652 3.
573 4606 640 4640 cons.
654 4591 694 4652 58.
778 4587 878 4639 'Casa
890 4588 957 4639 Suet.
971 4590 1112 4642 6.not.11.
1203 4591 1250 4642 ἐ.
1266 4606 1286 4642 1.
1302 4607 1340 4655 23.
1352 4609 1375 4657 q.
1390 4609 1412 4644 2.
1494 4593 1577 4645 'Lin
1590 4595 1635 4645 lib.
1649 4611 1669 4646 1.
1682 4613 1703 4647 c.
1717 4609 1754 4662 27.

492 4672 594 4723 'Brisa
607 4690 630 4736 4.
643 4672 674 4722 de
685 4673 770 4723 Form.
782 4689 803 4722 c.
818 4686 865 4729 113
882 4671 900 4723 l.
914 4687 952 4722 ao.
964 4688 1028 4724 com.
1040 4674 1073 4724 di.
1088 4673 1133 4737 (D.
1148 4688 1185 4724 10.
1199 4677 1233 4736 3).
1371 4677 1449 4727 ”Cic
1462 4693 1508 4743 pro
1520 4678 1615 4729 Murae.
1628 4694 1649 4728 c.
1664 4693 1700 4744 14.
