<?xml version="1.0" encoding="UTF-8"?>
<!DOCTYPE html PUBLIC "-//W3C//DTD XHTML 1.0 Transitional//EN"
    "http://www.w3.org/TR/xhtml1/DTD/xhtml1-transitional.dtd">
<html xmlns="http://www.w3.org/1999/xhtml" xml:lang="en" lang="en">
 <head>
  <title>
</title>
<meta http-equiv="Content-Type" content="text/html;charset=utf-8" />
  <meta name='ocr-system' content='tesseract 3.04.00' />
  <meta name='ocr-capabilities' content='ocr_page ocr_carea ocr_par ocr_line ocrx_word'/>
</head>
<body>
  <div class='ocr_page' id='page_1' title='image "albericigentili00gentgoog_0166.png"; bbox 0 0 4522 5570; ppageno 0'>
   <div class='ocr_carea' id='block_1_1' title="bbox 466 729 1379 800">
    <p class='ocr_par' dir='ltr' id='par_1_1' title="bbox 466 729 1379 800">
     <span class='ocr_line' id='line_1_1' title="bbox 466 729 1379 800; baseline 0.004 -20"><span class='ocrx_word' id='word_1_1' title='bbox 466 737 528 800; x_wconf 81' lang='lat'>134</span> <span class='ocrx_word' id='word_1_2' title='bbox 950 729 1152 784; x_wconf 81' lang='lat' dir='ltr'><em>ALBERICI</em></span> <span class='ocrx_word' id='word_1_3' title='bbox 1179 731 1379 784; x_wconf 84' lang='lat' dir='ltr'><em>GENTILIS</em></span> 
     </span>
    </p>
   </div>
   <div class='ocr_carea' id='block_1_2' title="bbox 463 975 1861 1169">
    <p class='ocr_par' dir='ltr' id='par_1_2' title="bbox 463 975 1861 1169">
     <span class='ocr_line' id='line_1_2' title="bbox 464 975 1861 1058; baseline 0.002 -22"><span class='ocrx_word' id='word_1_4' title='bbox 464 975 723 1046; x_wconf 82' lang='lat' dir='ltr'>POSTULANTE‚</span> <span class='ocrx_word' id='word_1_5' title='bbox 741 975 787 1036; x_wconf 91' lang='lat' dir='ltr'>ait</span> <span class='ocrx_word' id='word_1_6' title='bbox 803 983 942 1055; x_wconf 91' lang='lat' dir='ltr'>praetor.</span> <span class='ocrx_word' id='word_1_7' title='bbox 968 977 1091 1057; x_wconf 92' lang='lat' dir='ltr'>dequo</span> <span class='ocrx_word' id='word_1_8' title='bbox 1108 985 1141 1040; x_wconf 92' lang='lat' dir='ltr'>et</span> <span class='ocrx_word' id='word_1_9' title='bbox 1156 997 1271 1040; x_wconf 90' lang='lat' dir='ltr'>omnes</span> <span class='ocrx_word' id='word_1_10' title='bbox 1287 977 1480 1058; x_wconf 88' lang='lat' dir='ltr'>interpretes</span> <span class='ocrx_word' id='word_1_11' title='bbox 1495 976 1714 1058; x_wconf 85' lang='lat' dir='ltr'>explicarunt.</span> <span class='ocrx_word' id='word_1_12' title='bbox 1744 975 1861 1058; x_wconf 84' lang='lat' dir='ltr'>Atque</span> 
     </span>
     <span class='ocr_line' id='line_1_3' title="bbox 463 1084 1519 1169; baseline 0.002 -21"><span class='ocrx_word' id='word_1_13' title='bbox 463 1085 543 1148; x_wconf 90' lang='lat' dir='ltr'>satis</span> <span class='ocrx_word' id='word_1_14' title='bbox 558 1085 600 1147; x_wconf 93' lang='lat' dir='ltr'>de</span> <span class='ocrx_word' id='word_1_15' title='bbox 615 1084 692 1147; x_wconf 92' lang='lat' dir='ltr'>belli</span> <span class='ocrx_word' id='word_1_16' title='bbox 708 1084 968 1150; x_wconf 85' lang='lat' dir='ltr'>denunciatione.</span> <span class='ocrx_word' id='word_1_17' title='bbox 1014 1087 1112 1150; x_wconf 93' lang='lat' dir='ltr'>Nunc</span> <span class='ocrx_word' id='word_1_18' title='bbox 1128 1087 1161 1149; x_wconf 92' lang='lat' dir='ltr'>in</span> <span class='ocrx_word' id='word_1_19' title='bbox 1176 1087 1301 1150; x_wconf 92' lang='lat' dir='ltr'>bellum</span> <span class='ocrx_word' id='word_1_20' title='bbox 1318 1089 1363 1150; x_wconf 90' lang='lat' dir='ltr'>ire</span> <span class='ocrx_word' id='word_1_21' title='bbox 1379 1095 1519 1169; x_wconf 89' lang='lat' dir='ltr'>oportet.</span> 
     </span>
    </p>
   </div>
   <div class='ocr_carea' id='block_1_3' title="bbox 1068 1466 1263 1539">
    <p class='ocr_par' dir='ltr' id='par_1_3' title="bbox 1068 1466 1263 1539">
     <span class='ocr_line' id='line_1_4' title="bbox 1068 1466 1263 1539; baseline 0 -1"><span class='ocrx_word' id='word_1_22' title='bbox 1068 1466 1156 1539; x_wconf 67' lang='lat' dir='ltr'>cip,</span> <span class='ocrx_word' id='word_1_23' title='bbox 1190 1467 1263 1538; x_wconf 92' lang='lat' dir='ltr'>lll.</span> 
     </span>
    </p>
   </div>
   <div class='ocr_carea' id='block_1_4' title="bbox 898 1665 1426 1760">
    <p class='ocr_par' dir='ltr' id='par_1_4' title="bbox 898 1665 1426 1760">
     <span class='ocr_line' id='line_1_5' title="bbox 898 1665 1426 1760; baseline -0.006 -22"><span class='ocrx_word' id='word_1_24' title='bbox 898 1667 958 1738; x_wconf 82' lang='lat' dir='ltr'>De</span> <span class='ocrx_word' id='word_1_25' title='bbox 982 1665 1060 1738; x_wconf 84' lang='lat' dir='ltr'>dolo</span> <span class='ocrx_word' id='word_1_26' title='bbox 1086 1675 1119 1738; x_wconf 77' lang='lat' dir='ltr'>et</span> <span class='ocrx_word' id='word_1_27' title='bbox 1143 1666 1426 1760; x_wconf 77' lang='lat' dir='ltr'>stratagemntz&#39;s.</span> 
     </span>
    </p>
   </div>
   <div class='ocr_carea' id='block_1_5' title="bbox 464 1866 1867 4392">
    <p class='ocr_par' dir='ltr' id='par_1_5' title="bbox 464 1866 1867 4392">
     <span class='ocr_line' id='line_1_6' title="bbox 508 1866 1863 1949; baseline -0.004 -17"><span class='ocrx_word' id='word_1_28' title='bbox 508 1868 646 1945; x_wconf 80' lang='lat' dir='ltr'>Arous</span> <span class='ocrx_word' id='word_1_29' title='bbox 669 1868 704 1930; x_wconf 93' lang='lat' dir='ltr'>in</span> <span class='ocrx_word' id='word_1_30' title='bbox 726 1868 814 1932; x_wconf 89' lang='lat' dir='ltr'>bello</span> <span class='ocrx_word' id='word_1_31' title='bbox 837 1868 982 1949; x_wconf 88' lang='lat' dir='ltr'>gerendo</span> <span class='ocrx_word' id='word_1_32' title='bbox 1004 1866 1128 1948; x_wconf 91' lang='lat' dir='ltr'>aliquid</span> <span class='ocrx_word' id='word_1_33' title='bbox 1151 1877 1210 1943; x_wconf 88' lang='lat' dir='ltr'>est,</span> <span class='ocrx_word' id='word_1_34' title='bbox 1228 1867 1318 1947; x_wconf 93' lang='lat' dir='ltr'>quod</span> <span class='ocrx_word' id='word_1_35' title='bbox 1342 1868 1411 1928; x_wconf 91' lang='lat' dir='ltr'>eius</span> <span class='ocrx_word' id='word_1_36' title='bbox 1433 1875 1542 1947; x_wconf 88' lang='lat' dir='ltr'>partes</span> <span class='ocrx_word' id='word_1_37' title='bbox 1565 1886 1680 1929; x_wconf 91' lang='lat' dir='ltr'>omnes</span> <span class='ocrx_word' id='word_1_38' title='bbox 1704 1867 1863 1948; x_wconf 90' lang='lat' dir='ltr'>peruadit‚</span> 
     </span>
     <span class='ocr_line' id='line_1_7' title="bbox 465 1977 1863 2060; baseline -0.005 -16"><span class='ocrx_word' id='word_1_39' title='bbox 465 1980 562 2044; x_wconf 89' lang='lat' dir='ltr'>dolus</span> <span class='ocrx_word' id='word_1_40' title='bbox 590 1988 625 2044; x_wconf 92' lang='lat' dir='ltr'>et</span> <span class='ocrx_word' id='word_1_41' title='bbox 654 1988 862 2060; x_wconf 82' lang='lat' dir='ltr'>stratagema.</span> <span class='ocrx_word' id='word_1_42' title='bbox 900 1978 942 2040; x_wconf 91' lang='lat' dir='ltr'>de</span> <span class='ocrx_word' id='word_1_43' title='bbox 968 1978 1088 2059; x_wconf 92' lang='lat' dir='ltr'>quibus</span> <span class='ocrx_word' id='word_1_44' title='bbox 1114 1977 1237 2040; x_wconf 92' lang='lat' dir='ltr'>scilicet</span> <span class='ocrx_word' id='word_1_45' title='bbox 1266 1997 1331 2040; x_wconf 91' lang='lat' dir='ltr'>non</span> <span class='ocrx_word' id='word_1_46' title='bbox 1356 1997 1422 2040; x_wconf 86' lang='lat' dir='ltr'>una</span> <span class='ocrx_word' id='word_1_47' title='bbox 1450 1978 1482 2039; x_wconf 94' lang='lat' dir='ltr'>in</span> <span class='ocrx_word' id='word_1_48' title='bbox 1509 1988 1603 2059; x_wconf 78' lang='lat' dir='ltr'>parte</span> <span class='ocrx_word' id='word_1_49' title='bbox 1629 1977 1715 2054; x_wconf 90' lang='lat' dir='ltr'>belli,</span> <span class='ocrx_word' id='word_1_50' title='bbox 1741 1977 1798 2040; x_wconf 91' lang='lat' dir='ltr'>sed</span> <span class='ocrx_word' id='word_1_51' title='bbox 1831 1977 1863 2038; x_wconf 95' lang='lat' dir='ltr'>in</span> 
     </span>
     <span class='ocr_line' id='line_1_8' title="bbox 464 2087 1865 2171; baseline -0.004 -17"><span class='ocrx_word' id='word_1_52' title='bbox 464 2091 618 2154; x_wconf 89' lang='lat' dir='ltr'>omnibus</span> <span class='ocrx_word' id='word_1_53' title='bbox 645 2091 761 2171; x_wconf 91' lang='lat' dir='ltr'>dispici</span> <span class='ocrx_word' id='word_1_54' title='bbox 787 2097 908 2169; x_wconf 89' lang='lat' dir='ltr'>potest.</span> <span class='ocrx_word' id='word_1_55' title='bbox 965 2087 1175 2171; x_wconf 87' lang='lat' dir='ltr'>Stratagema</span> <span class='ocrx_word' id='word_1_56' title='bbox 1200 2097 1312 2150; x_wconf 90' lang='lat' dir='ltr'>autem</span> <span class='ocrx_word' id='word_1_57' title='bbox 1341 2089 1445 2151; x_wconf 90' lang='lat' dir='ltr'>tribus</span> <span class='ocrx_word' id='word_1_58' title='bbox 1475 2089 1661 2152; x_wconf 90' lang='lat' dir='ltr'>continetur</span> <span class='ocrx_word' id='word_1_59' title='bbox 1686 2088 1865 2170; x_wconf 63' lang='lat' dir='ltr'>speciebus</span> 
     </span>
     <span class='ocr_line' id='line_1_9' title="bbox 466 2199 1864 2283; baseline -0.003 -17"><span class='ocrx_word' id='word_1_60' title='bbox 466 2204 627 2280; x_wconf 89' lang='lat' dir='ltr'>cautione,</span> <span class='ocrx_word' id='word_1_61' title='bbox 645 2205 715 2265; x_wconf 90' lang='lat' dir='ltr'>siue</span> <span class='ocrx_word' id='word_1_62' title='bbox 733 2201 871 2279; x_wconf 82' lang='lat' dir='ltr'>fallacia,</span> <span class='ocrx_word' id='word_1_63' title='bbox 890 2202 1036 2278; x_wconf 89' lang='lat' dir='ltr'>audacia,</span> <span class='ocrx_word' id='word_1_64' title='bbox 1054 2202 1206 2282; x_wconf 91' lang='lat' dir='ltr'>utrinque</span> <span class='ocrx_word' id='word_1_65' title='bbox 1226 2202 1332 2263; x_wconf 89' lang='lat' dir='ltr'>mixto</span> <span class='ocrx_word' id='word_1_66' title='bbox 1343 2199 1363 2264; x_wconf 93' lang='lat'>¹.</span> <span class='ocrx_word' id='word_1_67' title='bbox 1417 2201 1464 2264; x_wconf 90' lang='lat' dir='ltr'>Et</span> <span class='ocrx_word' id='word_1_68' title='bbox 1482 2221 1580 2263; x_wconf 93' lang='lat' dir='ltr'>unum</span> <span class='ocrx_word' id='word_1_69' title='bbox 1600 2202 1755 2283; x_wconf 91' lang='lat' dir='ltr'>quodque</span> <span class='ocrx_word' id='word_1_70' title='bbox 1774 2220 1864 2263; x_wconf 92' lang='lat' dir='ltr'>com-</span> 
     </span>
     <span class='ocr_line' id='line_1_10' title="bbox 466 2311 1862 2396; baseline -0.003 -19"><span class='ocrx_word' id='word_1_71' title='bbox 466 2315 598 2396; x_wconf 89' lang='lat' dir='ltr'>ponitur</span> <span class='ocrx_word' id='word_1_72' title='bbox 609 2314 763 2390; x_wconf 88' lang='lat' dir='ltr'>oratione‚</span> <span class='ocrx_word' id='word_1_73' title='bbox 776 2312 872 2391; x_wconf 90' lang='lat' dir='ltr'>sact0‚</span> <span class='ocrx_word' id='word_1_74' title='bbox 887 2313 1039 2394; x_wconf 92' lang='lat' dir='ltr'>utrinque</span> <span class='ocrx_word' id='word_1_75' title='bbox 1056 2313 1173 2375; x_wconf 87' lang='lat' dir='ltr'>mixto.</span> <span class='ocrx_word' id='word_1_76' title='bbox 1198 2321 1231 2374; x_wconf 92' lang='lat' dir='ltr'>et</span> <span class='ocrx_word' id='word_1_77' title='bbox 1247 2311 1328 2374; x_wconf 91' lang='lat' dir='ltr'>haec</span> <span class='ocrx_word' id='word_1_78' title='bbox 1343 2311 1441 2376; x_wconf 89' lang='lat' dir='ltr'>licent</span> <span class='ocrx_word' id='word_1_79' title='bbox 1457 2312 1693 2392; x_wconf 88' lang='lat' dir='ltr'>persuadend0,</span> <span class='ocrx_word' id='word_1_80' title='bbox 1705 2312 1862 2392; x_wconf 87' lang='lat' dir='ltr'>cogend0,</span> 
     </span>
     <span class='ocr_line' id='line_1_11' title="bbox 466 2423 1864 2504; baseline -0.004 -16"><span class='ocrx_word' id='word_1_81' title='bbox 466 2425 618 2488; x_wconf 92' lang='lat' dir='ltr'>iniuriam</span> <span class='ocrx_word' id='word_1_82' title='bbox 635 2425 796 2489; x_wconf 85' lang='lat' dir='ltr'>iaciendo.</span> <span class='ocrx_word' id='word_1_83' title='bbox 831 2429 893 2497; x_wconf 93' lang='lat' dir='ltr'>†ut</span> <span class='ocrx_word' id='word_1_84' title='bbox 913 2423 946 2486; x_wconf 94' lang='lat' dir='ltr'>hi</span> <span class='ocrx_word' id='word_1_85' title='bbox 965 2433 1043 2485; x_wconf 93' lang='lat' dir='ltr'>sunt</span> <span class='ocrx_word' id='word_1_86' title='bbox 1058 2432 1179 2500; x_wconf 84' lang='lat' dir='ltr'>tamen,</span> <span class='ocrx_word' id='word_1_87' title='bbox 1199 2431 1313 2486; x_wconf 87' lang='lat' dir='ltr'>contra</span> <span class='ocrx_word' id='word_1_88' title='bbox 1335 2443 1418 2504; x_wconf 94' lang='lat' dir='ltr'>quos</span> <span class='ocrx_word' id='word_1_89' title='bbox 1436 2424 1499 2486; x_wconf 88' lang='lat' dir='ltr'>ista</span> <span class='ocrx_word' id='word_1_90' title='bbox 1522 2423 1610 2486; x_wconf 90' lang='lat' dir='ltr'>licita</span> <span class='ocrx_word' id='word_1_91' title='bbox 1628 2432 1712 2500; x_wconf 90' lang='lat' dir='ltr'>sunt,</span> <span class='ocrx_word' id='word_1_92' title='bbox 1732 2431 1768 2484; x_wconf 92' lang='lat' dir='ltr'>ut</span> <span class='ocrx_word' id='word_1_93' title='bbox 1787 2431 1864 2484; x_wconf 91' lang='lat' dir='ltr'>sunt</span> 
     </span>
     <span class='ocr_line' id='line_1_12' title="bbox 466 2530 1866 2618; baseline -0.004 -19"><span class='ocrx_word' id='word_1_94' title='bbox 466 2536 587 2614; x_wconf 88' lang='lat' dir='ltr'>hostes,</span> <span class='ocrx_word' id='word_1_95' title='bbox 602 2546 639 2598; x_wconf 93' lang='lat' dir='ltr'>ut</span> <span class='ocrx_word' id='word_1_96' title='bbox 654 2537 688 2598; x_wconf 94' lang='lat' dir='ltr'>in</span> <span class='ocrx_word' id='word_1_97' title='bbox 703 2536 797 2599; x_wconf 90' lang='lat' dir='ltr'>bellis</span> <span class='ocrx_word' id='word_1_98' title='bbox 813 2535 902 2598; x_wconf 89' lang='lat' dir='ltr'>licita</span> <span class='ocrx_word' id='word_1_99' title='bbox 916 2543 1001 2597; x_wconf 93' lang='lat' dir='ltr'>sunt.</span> <span class='ocrx_word' id='word_1_100' title='bbox 1045 2533 1085 2596; x_wconf 91' lang='lat' dir='ltr'>In</span> <span class='ocrx_word' id='word_1_101' title='bbox 1101 2532 1282 2596; x_wconf 85' lang='lat' dir='ltr'>simulacris</span> <span class='ocrx_word' id='word_1_102' title='bbox 1299 2533 1459 2596; x_wconf 92' lang='lat' dir='ltr'>bellorum</span> <span class='ocrx_word' id='word_1_103' title='bbox 1476 2531 1585 2618; x_wconf 92' lang='lat' dir='ltr'>(ludos</span> <span class='ocrx_word' id='word_1_104' title='bbox 1600 2530 1688 2616; x_wconf 78' lang='lat' dir='ltr'>dico)</span> <span class='ocrx_word' id='word_1_105' title='bbox 1705 2553 1771 2595; x_wconf 93' lang='lat' dir='ltr'>non</span> <span class='ocrx_word' id='word_1_106' title='bbox 1787 2541 1866 2594; x_wconf 90' lang='lat' dir='ltr'>sunt</span> 
     </span>
     <span class='ocr_line' id='line_1_13' title="bbox 465 2643 1864 2727; baseline -0.004 -19"><span class='ocrx_word' id='word_1_107' title='bbox 465 2646 563 2710; x_wconf 90' lang='lat' dir='ltr'>licita.</span> <span class='ocrx_word' id='word_1_108' title='bbox 599 2648 690 2727; x_wconf 93' lang='lat' dir='ltr'>quod</span> <span class='ocrx_word' id='word_1_109' title='bbox 713 2655 847 2723; x_wconf 86' lang='lat' dir='ltr'>certum,</span> <span class='ocrx_word' id='word_1_110' title='bbox 870 2654 903 2708; x_wconf 92' lang='lat' dir='ltr'>et</span> <span class='ocrx_word' id='word_1_111' title='bbox 930 2664 988 2727; x_wconf 93' lang='lat' dir='ltr'>per</span> <span class='ocrx_word' id='word_1_112' title='bbox 1013 2644 1170 2725; x_wconf 89' lang='lat' dir='ltr'>exempla</span> <span class='ocrx_word' id='word_1_113' title='bbox 1192 2643 1286 2726; x_wconf 89' lang='lat' dir='ltr'>plura</span> <span class='ocrx_word' id='word_1_114' title='bbox 1311 2645 1457 2707; x_wconf 91' lang='lat' dir='ltr'>ostendit</span> <span class='ocrx_word' id='word_1_115' title='bbox 1481 2643 1600 2706; x_wconf 90' lang='lat' dir='ltr'>alicubi</span> <span class='ocrx_word' id='word_1_116' title='bbox 1627 2643 1864 2707; x_wconf 90' lang='lat' dir='ltr'>eruditissimus</span> 
     </span>
     <span class='ocr_line' id='line_1_14' title="bbox 468 2754 1865 2836; baseline -0.001 -18"><span class='ocrx_word' id='word_1_117' title='bbox 468 2757 503 2822; x_wconf 92' lang='lat' dir='ltr'>P.</span> <span class='ocrx_word' id='word_1_118' title='bbox 516 2757 622 2820; x_wconf 89' lang='lat' dir='ltr'>Faber</span> <span class='ocrx_word' id='word_1_119' title='bbox 630 2756 651 2820; x_wconf 77' lang='lat'>².</span> <span class='ocrx_word' id='word_1_120' title='bbox 700 2757 744 2819; x_wconf 91' lang='lat' dir='ltr'>Et</span> <span class='ocrx_word' id='word_1_121' title='bbox 760 2758 843 2820; x_wconf 87' lang='lat' dir='ltr'>ratio</span> <span class='ocrx_word' id='word_1_122' title='bbox 858 2755 1033 2819; x_wconf 84' lang='lat' dir='ltr'>manifesta</span> <span class='ocrx_word' id='word_1_123' title='bbox 1049 2764 1117 2818; x_wconf 89' lang='lat' dir='ltr'>est:</span> <span class='ocrx_word' id='word_1_124' title='bbox 1148 2755 1304 2836; x_wconf 93' lang='lat' dir='ltr'>quoniam</span> <span class='ocrx_word' id='word_1_125' title='bbox 1321 2755 1410 2834; x_wconf 85' lang='lat' dir='ltr'>leges</span> <span class='ocrx_word' id='word_1_126' title='bbox 1426 2755 1576 2819; x_wconf 92' lang='lat' dir='ltr'>ludorum</span> <span class='ocrx_word' id='word_1_127' title='bbox 1592 2776 1651 2818; x_wconf 90' lang='lat' dir='ltr'>eae</span> <span class='ocrx_word' id='word_1_128' title='bbox 1668 2763 1753 2832; x_wconf 91' lang='lat' dir='ltr'>sunt,</span> <span class='ocrx_word' id='word_1_129' title='bbox 1768 2763 1806 2817; x_wconf 94' lang='lat' dir='ltr'>ut</span> <span class='ocrx_word' id='word_1_130' title='bbox 1821 2754 1865 2817; x_wconf 94' lang='lat' dir='ltr'>de</span> 
     </span>
     <span class='ocr_line' id='line_1_15' title="bbox 468 2865 1863 2949; baseline -0.003 -19"><span class='ocrx_word' id='word_1_131' title='bbox 468 2889 508 2931; x_wconf 93' lang='lat' dir='ltr'>eo</span> <span class='ocrx_word' id='word_1_132' title='bbox 525 2877 668 2932; x_wconf 87' lang='lat' dir='ltr'>certetur</span> <span class='ocrx_word' id='word_1_133' title='bbox 682 2868 770 2949; x_wconf 91' lang='lat' dir='ltr'>quod</span> <span class='ocrx_word' id='word_1_134' title='bbox 787 2876 836 2929; x_wconf 89' lang='lat' dir='ltr'>est</span> <span class='ocrx_word' id='word_1_135' title='bbox 852 2867 958 2929; x_wconf 92' lang='lat' dir='ltr'>ludus.</span> <span class='ocrx_word' id='word_1_136' title='bbox 981 2867 1092 2947; x_wconf 91' lang='lat' dir='ltr'>itaque</span> <span class='ocrx_word' id='word_1_137' title='bbox 1107 2867 1163 2947; x_wconf 94' lang='lat' dir='ltr'>qui</span> <span class='ocrx_word' id='word_1_138' title='bbox 1182 2885 1275 2928; x_wconf 91' lang='lat' dir='ltr'>cursu</span> <span class='ocrx_word' id='word_1_139' title='bbox 1295 2868 1494 2930; x_wconf 86' lang='lat' dir='ltr'>contendere</span> <span class='ocrx_word' id='word_1_140' title='bbox 1508 2867 1640 2944; x_wconf 87' lang='lat' dir='ltr'>habent,</span> <span class='ocrx_word' id='word_1_141' title='bbox 1655 2866 1689 2929; x_wconf 94' lang='lat' dir='ltr'>hi</span> <span class='ocrx_word' id='word_1_142' title='bbox 1705 2865 1784 2929; x_wconf 91' lang='lat' dir='ltr'>nihil</span> <span class='ocrx_word' id='word_1_143' title='bbox 1801 2865 1863 2927; x_wconf 91' lang='lat' dir='ltr'>nisi</span> 
     </span>
     <span class='ocr_line' id='line_1_16' title="bbox 468 2976 1865 3055; baseline -0.004 -12"><span class='ocrx_word' id='word_1_144' title='bbox 468 2999 595 3043; x_wconf 87' lang='lat' dir='ltr'>currere</span> <span class='ocrx_word' id='word_1_145' title='bbox 610 2978 755 3055; x_wconf 91' lang='lat' dir='ltr'>habent;</span> <span class='ocrx_word' id='word_1_146' title='bbox 782 2985 840 3040; x_wconf 90' lang='lat' dir='ltr'>aut</span> <span class='ocrx_word' id='word_1_147' title='bbox 857 2978 884 3040; x_wconf 94' lang='lat' dir='ltr'>si</span> <span class='ocrx_word' id='word_1_148' title='bbox 903 2977 991 3041; x_wconf 87' lang='lat' dir='ltr'>aliud</span> <span class='ocrx_word' id='word_1_149' title='bbox 1008 2976 1140 3053; x_wconf 81' lang='lat' dir='ltr'>iaciunt,</span> <span class='ocrx_word' id='word_1_150' title='bbox 1156 2977 1222 3039; x_wconf 92' lang='lat' dir='ltr'>iam</span> <span class='ocrx_word' id='word_1_151' title='bbox 1241 2997 1334 3040; x_wconf 91' lang='lat' dir='ltr'>cursu</span> <span class='ocrx_word' id='word_1_152' title='bbox 1351 2998 1416 3040; x_wconf 93' lang='lat' dir='ltr'>non</span> <span class='ocrx_word' id='word_1_153' title='bbox 1435 2980 1650 3041; x_wconf 92' lang='lat' dir='ltr'>contendunt.</span> <span class='ocrx_word' id='word_1_154' title='bbox 1695 2977 1865 3040; x_wconf 89' lang='lat' dir='ltr'>Rabidum</span> 
     </span>
     <span class='ocr_line' id='line_1_17' title="bbox 468 3087 1866 3164; baseline -0.004 -11"><span class='ocrx_word' id='word_1_155' title='bbox 468 3090 588 3154; x_wconf 90' lang='lat' dir='ltr'>dicitur</span> <span class='ocrx_word' id='word_1_156' title='bbox 597 3089 736 3152; x_wconf 88' lang='lat' dir='ltr'>aliorum</span> <span class='ocrx_word' id='word_1_157' title='bbox 748 3087 941 3161; x_wconf 81' lang='lat' dir='ltr'>certamen³.</span> <span class='ocrx_word' id='word_1_158' title='bbox 973 3088 1085 3150; x_wconf 86' lang='lat' dir='ltr'>Etiam</span> <span class='ocrx_word' id='word_1_159' title='bbox 1101 3087 1156 3150; x_wconf 91' lang='lat' dir='ltr'>illa</span> <span class='ocrx_word' id='word_1_160' title='bbox 1168 3097 1218 3150; x_wconf 91' lang='lat' dir='ltr'>est</span> <span class='ocrx_word' id='word_1_161' title='bbox 1231 3088 1415 3151; x_wconf 83' lang='lat' dir='ltr'>differentia</span> <span class='ocrx_word' id='word_1_162' title='bbox 1427 3089 1511 3152; x_wconf 89' lang='lat' dir='ltr'>inter</span> <span class='ocrx_word' id='word_1_163' title='bbox 1522 3089 1646 3152; x_wconf 92' lang='lat' dir='ltr'>bellum</span> <span class='ocrx_word' id='word_1_164' title='bbox 1661 3098 1693 3152; x_wconf 92' lang='lat' dir='ltr'>et</span> <span class='ocrx_word' id='word_1_165' title='bbox 1708 3087 1866 3164; x_wconf 92' lang='lat' dir='ltr'>duellum,</span> 
     </span>
     <span class='ocr_line' id='line_1_18' title="bbox 468 3199 1865 3283; baseline -0.001 -19"><span class='ocrx_word' id='word_1_166' title='bbox 468 3202 559 3283; x_wconf 94' lang='lat' dir='ltr'>quod</span> <span class='ocrx_word' id='word_1_167' title='bbox 578 3221 672 3282; x_wconf 88' lang='lat' dir='ltr'>pares</span> <span class='ocrx_word' id='word_1_168' title='bbox 690 3221 762 3263; x_wconf 90' lang='lat' dir='ltr'>esse</span> <span class='ocrx_word' id='word_1_169' title='bbox 778 3199 997 3264; x_wconf 90' lang='lat' dir='ltr'>duellantium</span> <span class='ocrx_word' id='word_1_170' title='bbox 1015 3200 1220 3262; x_wconf 91' lang='lat' dir='ltr'>conditiones</span> <span class='ocrx_word' id='word_1_171' title='bbox 1239 3200 1383 3262; x_wconf 93' lang='lat' dir='ltr'>debent:</span> <span class='ocrx_word' id='word_1_172' title='bbox 1408 3201 1529 3263; x_wconf 91' lang='lat' dir='ltr'>uirtute</span> <span class='ocrx_word' id='word_1_173' title='bbox 1547 3201 1635 3264; x_wconf 91' lang='lat' dir='ltr'>enim</span> <span class='ocrx_word' id='word_1_174' title='bbox 1654 3200 1784 3282; x_wconf 91' lang='lat' dir='ltr'>propria</span> <span class='ocrx_word' id='word_1_175' title='bbox 1799 3199 1865 3262; x_wconf 94' lang='lat' dir='ltr'>illic</span> 
     </span>
     <span class='ocr_line' id='line_1_19' title="bbox 469 3309 1866 3394; baseline -0.001 -20"><span class='ocrx_word' id='word_1_176' title='bbox 469 3314 585 3394; x_wconf 86' lang='lat' dir='ltr'>agitur.</span> <span class='ocrx_word' id='word_1_177' title='bbox 616 3312 705 3393; x_wconf 92' lang='lat' dir='ltr'>quod</span> <span class='ocrx_word' id='word_1_178' title='bbox 727 3312 845 3374; x_wconf 91' lang='lat' dir='ltr'>nonin</span> <span class='ocrx_word' id='word_1_179' title='bbox 869 3310 973 3388; x_wconf 86' lang='lat' dir='ltr'>bellis,</span> <span class='ocrx_word' id='word_1_180' title='bbox 990 3311 1044 3372; x_wconf 92' lang='lat' dir='ltr'>ubi</span> <span class='ocrx_word' id='word_1_181' title='bbox 1061 3311 1104 3372; x_wconf 92' lang='lat' dir='ltr'>de</span> <span class='ocrx_word' id='word_1_182' title='bbox 1124 3330 1299 3392; x_wconf 85' lang='lat' dir='ltr'>regnorum</span> <span class='ocrx_word' id='word_1_183' title='bbox 1315 3312 1424 3392; x_wconf 88' lang='lat' dir='ltr'>agitur</span> <span class='ocrx_word' id='word_1_184' title='bbox 1438 3313 1567 3375; x_wconf 90' lang='lat' dir='ltr'>uirtute.</span> <span class='ocrx_word' id='word_1_185' title='bbox 1625 3312 1701 3374; x_wconf 92' lang='lat' dir='ltr'>Non</span> <span class='ocrx_word' id='word_1_186' title='bbox 1723 3312 1755 3372; x_wconf 96' lang='lat' dir='ltr'>in</span> <span class='ocrx_word' id='word_1_187' title='bbox 1778 3309 1866 3372; x_wconf 91' lang='lat' dir='ltr'>bello</span> 
     </span>
     <span class='ocr_line' id='line_1_20' title="bbox 469 3421 1866 3502; baseline -0.001 -17"><span class='ocrx_word' id='word_1_188' title='bbox 469 3431 521 3485; x_wconf 91' lang='lat' dir='ltr'>est</span> <span class='ocrx_word' id='word_1_189' title='bbox 542 3422 729 3485; x_wconf 91' lang='lat' dir='ltr'>huiusmodi</span> <span class='ocrx_word' id='word_1_190' title='bbox 749 3422 863 3484; x_wconf 86' lang='lat' dir='ltr'>stricta</span> <span class='ocrx_word' id='word_1_191' title='bbox 883 3421 958 3484; x_wconf 85' lang='lat' dir='ltr'>lex:</span> <span class='ocrx_word' id='word_1_192' title='bbox 987 3441 1102 3483; x_wconf 91' lang='lat' dir='ltr'>uerum</span> <span class='ocrx_word' id='word_1_193' title='bbox 1117 3421 1283 3502; x_wconf 89' lang='lat' dir='ltr'>quaeritur</span> <span class='ocrx_word' id='word_1_194' title='bbox 1297 3423 1434 3484; x_wconf 88' lang='lat' dir='ltr'>uictoria</span> <span class='ocrx_word' id='word_1_195' title='bbox 1450 3421 1539 3485; x_wconf 92' lang='lat' dir='ltr'>nullo</span> <span class='ocrx_word' id='word_1_196' title='bbox 1555 3433 1645 3486; x_wconf 92' lang='lat' dir='ltr'>certo</span> <span class='ocrx_word' id='word_1_197' title='bbox 1661 3423 1771 3485; x_wconf 92' lang='lat' dir='ltr'>modo.</span> <span class='ocrx_word' id='word_1_198' title='bbox 1810 3421 1866 3485; x_wconf 91' lang='lat' dir='ltr'>Sic</span> 
     </span>
     <span class='ocr_line' id='line_1_21' title="bbox 471 3515 1866 3616; baseline -0.004 -18"><span class='ocrx_word' id='word_1_199' title='bbox 471 3532 638 3616; x_wconf 87' lang='lat' dir='ltr'>Uirgilius,</span> <span class='ocrx_word' id='word_1_200' title='bbox 661 3533 716 3613; x_wconf 93' lang='lat' dir='ltr'>qui</span> <span class='ocrx_word' id='word_1_201' title='bbox 739 3531 853 3595; x_wconf 93' lang='lat' dir='ltr'>dolum</span> <span class='ocrx_word' id='word_1_202' title='bbox 875 3531 1004 3594; x_wconf 93' lang='lat' dir='ltr'>inludo</span> <span class='ocrx_word' id='word_1_203' title='bbox 1026 3551 1090 3593; x_wconf 92' lang='lat' dir='ltr'>non</span> <span class='ocrx_word' id='word_1_204' title='bbox 1109 3531 1270 3612; x_wconf 91' lang='lat' dir='ltr'>probauit,</span> <span class='ocrx_word' id='word_1_205' title='bbox 1288 3541 1325 3595; x_wconf 89' lang='lat' dir='ltr'>at</span> <span class='ocrx_word' id='word_1_206' title='bbox 1343 3515 1434 3596; x_wconf 89' lang='lat' dir='ltr'>Salio</span> <span class='ocrx_word' id='word_1_207' title='bbox 1456 3543 1604 3615; x_wconf 88' lang='lat' dir='ltr'>ereptum</span> <span class='ocrx_word' id='word_1_208' title='bbox 1625 3533 1703 3596; x_wconf 90' lang='lat' dir='ltr'>dolo</span> <span class='ocrx_word' id='word_1_209' title='bbox 1723 3533 1866 3613; x_wconf 89' lang='lat' dir='ltr'>primum</span> 
     </span>
     <span class='ocr_line' id='line_1_22' title="bbox 470 3642 1866 3725; baseline -0.003 -18"><span class='ocrx_word' id='word_1_210' title='bbox 470 3646 580 3708; x_wconf 91' lang='lat' dir='ltr'>reddit</span> <span class='ocrx_word' id='word_1_211' title='bbox 605 3643 772 3721; x_wconf 80' lang='lat' dir='ltr'>honorem,</span> <span class='ocrx_word' id='word_1_212' title='bbox 796 3653 911 3707; x_wconf 88' lang='lat' dir='ltr'>contra</span> <span class='ocrx_word' id='word_1_213' title='bbox 934 3642 1047 3706; x_wconf 90' lang='lat' dir='ltr'>hostes</span> <span class='ocrx_word' id='word_1_214' title='bbox 1070 3662 1135 3704; x_wconf 94' lang='lat' dir='ltr'>non</span> <span class='ocrx_word' id='word_1_215' title='bbox 1159 3662 1253 3706; x_wconf 87' lang='lat' dir='ltr'>secus</span> <span class='ocrx_word' id='word_1_216' title='bbox 1274 3653 1374 3725; x_wconf 89' lang='lat' dir='ltr'>atque</span> <span class='ocrx_word' id='word_1_217' title='bbox 1398 3645 1552 3707; x_wconf 86' lang='lat' dir='ltr'>uirtutem</span> <span class='ocrx_word' id='word_1_218' title='bbox 1575 3645 1721 3707; x_wconf 89' lang='lat' dir='ltr'>admittit</span> <span class='ocrx_word' id='word_1_219' title='bbox 1743 3642 1866 3720; x_wconf 90' lang='lat' dir='ltr'>dolum,</span> 
     </span>
     <span class='ocr_line' id='line_1_23' title="bbox 470 3752 1866 3838; baseline -0.002 -20"><span class='ocrx_word' id='word_1_220' title='bbox 470 3776 529 3838; x_wconf 91' lang='lat' dir='ltr'>per</span> <span class='ocrx_word' id='word_1_221' title='bbox 547 3776 584 3818; x_wconf 91' lang='lat' dir='ltr'>os</span> <span class='ocrx_word' id='word_1_222' title='bbox 608 3776 673 3818; x_wconf 91' lang='lat' dir='ltr'>non</span> <span class='ocrx_word' id='word_1_223' title='bbox 697 3754 844 3819; x_wconf 88' lang='lat' dir='ltr'>illaudati</span> <span class='ocrx_word' id='word_1_224' title='bbox 868 3754 1030 3836; x_wconf 89' lang='lat' dir='ltr'>principis,</span> <span class='ocrx_word' id='word_1_225' title='bbox 1047 3754 1183 3832; x_wconf 89' lang='lat' dir='ltr'>‘Dolus,</span> <span class='ocrx_word' id='word_1_226' title='bbox 1202 3775 1244 3817; x_wconf 89' lang='lat' dir='ltr'>an</span> <span class='ocrx_word' id='word_1_227' title='bbox 1268 3756 1372 3818; x_wconf 93' lang='lat' dir='ltr'>uirtus</span> <span class='ocrx_word' id='word_1_228' title='bbox 1394 3756 1468 3836; x_wconf 90' lang='lat' dir='ltr'>quis</span> <span class='ocrx_word' id='word_1_229' title='bbox 1491 3757 1524 3817; x_wconf 94' lang='lat' dir='ltr'>in</span> <span class='ocrx_word' id='word_1_230' title='bbox 1546 3756 1642 3819; x_wconf 91' lang='lat' dir='ltr'>hoste</span> <span class='ocrx_word' id='word_1_231' title='bbox 1666 3752 1866 3837; x_wconf 77' lang='lat' dir='ltr'>requirat⁴?’</span> 
     </span>
     <span class='ocr_line' id='line_1_24' title="bbox 470 3864 1864 3948; baseline -0.004 -17"><span class='ocrx_word' id='word_1_232' title='bbox 470 3865 565 3930; x_wconf 90' lang='lat' dir='ltr'>Fecit</span> <span class='ocrx_word' id='word_1_233' title='bbox 589 3865 747 3948; x_wconf 84' lang='lat' dir='ltr'>Uirgilius</span> <span class='ocrx_word' id='word_1_234' title='bbox 769 3875 805 3929; x_wconf 92' lang='lat' dir='ltr'>ut</span> <span class='ocrx_word' id='word_1_235' title='bbox 830 3864 973 3929; x_wconf 91' lang='lat' dir='ltr'>Chorebi</span> <span class='ocrx_word' id='word_1_236' title='bbox 999 3866 1197 3928; x_wconf 88' lang='lat' dir='ltr'>sententiam</span> <span class='ocrx_word' id='word_1_237' title='bbox 1222 3866 1307 3929; x_wconf 93' lang='lat' dir='ltr'>hanc</span> <span class='ocrx_word' id='word_1_238' title='bbox 1333 3875 1545 3947; x_wconf 91' lang='lat' dir='ltr'>sequerentur</span> <span class='ocrx_word' id='word_1_239' title='bbox 1567 3868 1626 3929; x_wconf 91' lang='lat' dir='ltr'>uiri</span> <span class='ocrx_word' id='word_1_240' title='bbox 1653 3866 1707 3929; x_wconf 87' lang='lat' dir='ltr'>alii</span> <span class='ocrx_word' id='word_1_241' title='bbox 1731 3865 1864 3938; x_wconf 89' lang='lat' dir='ltr'>laudati,</span> 
     </span>
     <span class='ocr_line' id='line_1_25' title="bbox 469 3975 1867 4060; baseline -0.002 -19"><span class='ocrx_word' id='word_1_242' title='bbox 469 3987 504 4041; x_wconf 93' lang='lat' dir='ltr'>et</span> <span class='ocrx_word' id='word_1_243' title='bbox 524 3977 672 4059; x_wconf 91' lang='lat' dir='ltr'>Ripheus</span> <span class='ocrx_word' id='word_1_244' title='bbox 690 3977 893 4055; x_wconf 91' lang='lat' dir='ltr'>iustissimus,</span> <span class='ocrx_word' id='word_1_245' title='bbox 912 3985 945 4040; x_wconf 90' lang='lat' dir='ltr'>et</span> <span class='ocrx_word' id='word_1_246' title='bbox 964 3977 1060 4058; x_wconf 89' lang='lat' dir='ltr'>aequi</span> <span class='ocrx_word' id='word_1_247' title='bbox 1083 3978 1356 4054; x_wconf 90' lang='lat' dir='ltr'>seruantissimus,</span> <span class='ocrx_word' id='word_1_248' title='bbox 1375 3978 1441 4040; x_wconf 93' lang='lat' dir='ltr'>imo</span> <span class='ocrx_word' id='word_1_249' title='bbox 1460 3987 1493 4040; x_wconf 89' lang='lat' dir='ltr'>et</span> <span class='ocrx_word' id='word_1_250' title='bbox 1517 3977 1587 4060; x_wconf 86' lang='lat' dir='ltr'>ipse</span> <span class='ocrx_word' id='word_1_251' title='bbox 1605 3979 1706 4040; x_wconf 91' lang='lat' dir='ltr'>etiam</span> <span class='ocrx_word' id='word_1_252' title='bbox 1725 3975 1867 4054; x_wconf 89' lang='lat' dir='ltr'>Aeneas,</span> 
     </span>
     <span class='ocr_line' id='line_1_26' title="bbox 471 4087 1866 4170; baseline -0.003 -18"><span class='ocrx_word' id='word_1_253' title='bbox 471 4097 626 4152; x_wconf 91' lang='lat' dir='ltr'>censente</span> <span class='ocrx_word' id='word_1_254' title='bbox 645 4087 820 4168; x_wconf 87' lang='lat' dir='ltr'>Scaligero‚</span> <span class='ocrx_word' id='word_1_255' title='bbox 836 4087 993 4168; x_wconf 88' lang='lat' dir='ltr'>aliisque:</span> <span class='ocrx_word' id='word_1_256' title='bbox 1016 4087 1193 4168; x_wconf 91' lang='lat' dir='ltr'>dequibus</span> <span class='ocrx_word' id='word_1_257' title='bbox 1211 4087 1289 4150; x_wconf 88' lang='lat' dir='ltr'>alibi</span> <span class='ocrx_word' id='word_1_258' title='bbox 1309 4089 1393 4150; x_wconf 93' lang='lat' dir='ltr'>dico.</span> <span class='ocrx_word' id='word_1_259' title='bbox 1437 4088 1553 4170; x_wconf 86' lang='lat' dir='ltr'>Atque</span> <span class='ocrx_word' id='word_1_260' title='bbox 1571 4087 1660 4152; x_wconf 82' lang='lat' dir='ltr'>illam</span> <span class='ocrx_word' id='word_1_261' title='bbox 1679 4087 1866 4169; x_wconf 91' lang='lat' dir='ltr'>generalem</span> 
     </span>
     <span class='ocr_line' id='line_1_27' title="bbox 469 4195 1867 4278; baseline -0.001 -18"><span class='ocrx_word' id='word_1_262' title='bbox 469 4198 668 4261; x_wconf 89' lang='lat' dir='ltr'>sententiam</span> <span class='ocrx_word' id='word_1_263' title='bbox 699 4198 745 4260; x_wconf 92' lang='lat' dir='ltr'>sic</span> <span class='ocrx_word' id='word_1_264' title='bbox 774 4207 923 4259; x_wconf 90' lang='lat' dir='ltr'>asserunt</span> <span class='ocrx_word' id='word_1_265' title='bbox 952 4195 1006 4259; x_wconf 89' lang='lat' dir='ltr'>alii</span> <span class='ocrx_word' id='word_1_266' title='bbox 1034 4217 1174 4278; x_wconf 86' lang='lat' dir='ltr'>quoque,</span> <span class='ocrx_word' id='word_1_267' title='bbox 1201 4197 1322 4261; x_wconf 89' lang='lat' dir='ltr'>‘Nullo</span> <span class='ocrx_word' id='word_1_268' title='bbox 1352 4199 1537 4262; x_wconf 91' lang='lat' dir='ltr'>discrimine</span> <span class='ocrx_word' id='word_1_269' title='bbox 1566 4200 1696 4262; x_wconf 90' lang='lat' dir='ltr'>uirtutis</span> <span class='ocrx_word' id='word_1_270' title='bbox 1725 4219 1764 4261; x_wconf 89' lang='lat' dir='ltr'>ac</span> <span class='ocrx_word' id='word_1_271' title='bbox 1790 4196 1867 4276; x_wconf 91' lang='lat' dir='ltr'>doli,</span> 
     </span>
     <span class='ocr_line' id='line_1_28' title="bbox 469 4307 1867 4392; baseline 0 -21"><span class='ocrx_word' id='word_1_272' title='bbox 469 4313 667 4390; x_wconf 87' lang='lat' dir='ltr'>‘prosperos</span> <span class='ocrx_word' id='word_1_273' title='bbox 693 4328 808 4370; x_wconf 92' lang='lat' dir='ltr'>omnes</span> <span class='ocrx_word' id='word_1_274' title='bbox 830 4307 956 4370; x_wconf 90' lang='lat' dir='ltr'>laudari</span> <span class='ocrx_word' id='word_1_275' title='bbox 979 4307 1100 4369; x_wconf 89' lang='lat' dir='ltr'>debere</span> <span class='ocrx_word' id='word_1_276' title='bbox 1127 4307 1286 4370; x_wconf 90' lang='lat' dir='ltr'>bellorum</span> <span class='ocrx_word' id='word_1_277' title='bbox 1311 4319 1448 4372; x_wconf 90' lang='lat' dir='ltr'>euentus</span> <span class='ocrx_word' id='word_1_278' title='bbox 1458 4307 1489 4374; x_wconf 85' lang='lat'>⁵.‘</span> <span class='ocrx_word' id='word_1_279' title='bbox 1535 4311 1580 4373; x_wconf 90' lang='lat' dir='ltr'>Et</span> <span class='ocrx_word' id='word_1_280' title='bbox 1603 4311 1646 4373; x_wconf 92' lang='lat' dir='ltr'>de</span> <span class='ocrx_word' id='word_1_281' title='bbox 1668 4309 1867 4392; x_wconf 70' lang='lat' dir='ltr'>Augustino</span> 
     </span>
    </p>
   </div>
   <div class='ocr_carea' id='block_1_6' title="bbox 470 4545 1867 4698">
    <p class='ocr_par' dir='ltr' id='par_1_6' title="bbox 470 4545 1867 4698">
     <span class='ocr_line' id='line_1_29' title="bbox 470 4545 1867 4616; baseline 0.002 -20"><span class='ocrx_word' id='word_1_282' title='bbox 470 4545 535 4596; x_wconf 92' lang='lat' dir='ltr'>¹Cl.</span> <span class='ocrx_word' id='word_1_283' title='bbox 549 4548 640 4597; x_wconf 73' lang='lat' dir='ltr'>nso.</span> <span class='ocrx_word' id='word_1_284' title='bbox 656 4562 677 4595; x_wconf 93' lang='lat'>1.</span> <span class='ocrx_word' id='word_1_285' title='bbox 742 4546 1623 4615; x_wconf 76' lang='lat' dir='ltr'>²Sil.16;Hom.11.23;Cie.3.de0ff.;1.1.c.deale.(3.43);</span> <span class='ocrx_word' id='word_1_286' title='bbox 1642 4551 1867 4616; x_wconf 80' lang='lat' dir='ltr'>Fnb.3.Ago.19.</span> 
     </span>
     <span class='ocr_line' id='line_1_30' title="bbox 530 4627 1806 4698; baseline 0.001 -20"><span class='ocrx_word' id='word_1_287' title='bbox 530 4630 540 4657; x_wconf 82' lang='lat'>³</span> <span class='ocrx_word' id='word_1_288' title='bbox 557 4629 641 4679; x_wconf 87' lang='lat' dir='ltr'>Caser.</span> <span class='ocrx_word' id='word_1_289' title='bbox 655 4643 675 4677; x_wconf 95' lang='lat'>1.</span> <span class='ocrx_word' id='word_1_290' title='bbox 688 4630 719 4679; x_wconf 87' lang='lat' dir='ltr'>de</span> <span class='ocrx_word' id='word_1_291' title='bbox 731 4629 765 4678; x_wconf 91' lang='lat' dir='ltr'>Si.</span> <span class='ocrx_word' id='word_1_292' title='bbox 777 4630 821 4678; x_wconf 88' lang='lat' dir='ltr'>Ce.</span> <span class='ocrx_word' id='word_1_293' title='bbox 836 4641 848 4690; x_wconf 87' lang='lat'>7</span> <span class='ocrx_word' id='word_1_294' title='bbox 861 4635 885 4677; x_wconf 92' lang='lat' dir='ltr'>et</span> <span class='ocrx_word' id='word_1_295' title='bbox 896 4627 941 4676; x_wconf 92' lang='lat' dir='ltr'>lib.</span> <span class='ocrx_word' id='word_1_296' title='bbox 956 4643 977 4678; x_wconf 84' lang='lat'>2.</span> <span class='ocrx_word' id='word_1_297' title='bbox 990 4633 1019 4688; x_wconf 63' lang='grc' dir='ltr'>ξς</span> <span class='ocrx_word' id='word_1_298' title='bbox 1035 4642 1072 4692; x_wconf 86' lang='lat'>13,</span> <span class='ocrx_word' id='word_1_299' title='bbox 1087 4643 1124 4691; x_wconf 90' lang='lat'>14.</span> <span class='ocrx_word' id='word_1_300' title='bbox 1203 4631 1212 4659; x_wconf 84' lang='lat'>⁴</span> <span class='ocrx_word' id='word_1_301' title='bbox 1228 4631 1297 4694; x_wconf 77' lang='lat' dir='ltr'>Virg.</span> <span class='ocrx_word' id='word_1_302' title='bbox 1314 4646 1335 4680; x_wconf 80' lang='lat' dir='ltr'>a.</span> <span class='ocrx_word' id='word_1_303' title='bbox 1349 4635 1412 4681; x_wconf 79' lang='lat' dir='ltr'>Aen.</span> <span class='ocrx_word' id='word_1_304' title='bbox 1425 4633 1440 4680; x_wconf 92' lang='lat' dir='ltr'>l.</span> <span class='ocrx_word' id='word_1_305' title='bbox 1454 4646 1509 4698; x_wconf 82' lang='lat'>390.</span> <span class='ocrx_word' id='word_1_306' title='bbox 1587 4634 1596 4661; x_wconf 78' lang='lat'>⁵</span> <span class='ocrx_word' id='word_1_307' title='bbox 1614 4635 1698 4682; x_wconf 87' lang='lat' dir='ltr'>Amm.</span> <span class='ocrx_word' id='word_1_308' title='bbox 1711 4634 1755 4682; x_wconf 92' lang='lat' dir='ltr'>lib.</span> <span class='ocrx_word' id='word_1_309' title='bbox 1769 4644 1806 4696; x_wconf 80' lang='lat'>17.</span> 
     </span>
    </p>
   </div>
   <div class='ocr_carea' id='block_1_7' title="bbox 0 0 2272 5570">
    <p class='ocr_par' dir='ltr' id='par_1_7' title="bbox 0 0 2272 5570">
     <span class='ocr_line' id='line_1_31' title="bbox 0 0 2272 5570; baseline 0 0"><span class='ocrx_word' id='word_1_310' title='bbox 0 0 2272 5570; x_wconf 95' lang='lat' dir='ltr'> </span> 
     </span>
    </p>
   </div>
  </div>
 </body>
</html>
