4498 5566
865 707 1303 794 PRAEFATIO.
1557 750 1561 758 ·
1760 731 1797 792 ix

398 963 503 1026 Iwill
529 962 654 1028 thanke
680 986 747 1046 you
774 965 824 1029 for
849 967 884 1030 it.
931 965 1014 1030 Fare
1040 988 1107 1049 you
1135 966 1217 1032 well.
1262 967 1362 1030 From
1389 966 1446 1031 the
1472 977 1585 1031 courte
1610 968 1668 1032 the
1696 984 1736 1045 24
1763 965 1801 1030 os

396 1066 588 1131 November
605 1065 688 1148 1580

1022 1182 1029 1210 ‘
1045 1173 1140 1238 Your
1155 1175 1286 1258 lovinge
1301 1174 1406 1237 friend

1167 1294 1361 1361 ROBERT
1385 1289 1710 1358 LEYCESTER¹.’

448 1482 522 1558 Die
557 1507 622 1558 xrv
656 1484 815 1559 Ianuarii
853 1485 1045 1583 sequentis
1075 1487 1196 1585 gratia
1230 1513 1407 1562 concessa
1441 1503 1500 1560 est
1533 1512 1555 1559 a
1591 1484 1795 1560 uenerabili

393 1621 683 1718 congregatione
719 1622 982 1719 magistrorum
1018 1622 1248 1719 regentium:
1295 1629 1356 1696 ‘ut
1390 1619 1588 1695 Albericus
1623 1619 1795 1707 Gentilis,

395 1753 569 1830 ‘Doctor
601 1755 697 1828 luris
732 1753 863 1829 Ciuilis
893 1755 1035 1828 Perusii
1070 1773 1226 1842 creatus
1258 1757 1306 1829 sit
1336 1756 1471 1830 eodem
1500 1754 1583 1830 loco
1612 1771 1650 1829 et
1677 1755 1795 1853 gradu

395 1896 402 1924 ‘
422 1889 481 1962 hic
499 1889 599 1987 apud
618 1914 687 1963 nos
707 1916 783 1986 quo
801 1907 860 1964 est
879 1888 1021 1963 Perusii
1033 1887 1066 1963 ².'

447 2023 573 2097 Huius
591 2024 729 2098 decreti
749 2050 885 2121 paucos
904 2041 989 2120 post
1007 2024 1097 2110 dies,
1112 2021 1302 2098 scilicet1v
1318 2020 1402 2096 Kal.
1419 2023 1624 2111 Februarii,
1639 2023 1795 2098 mentio-

393 2181 479 2233 nem
491 2158 579 2232 facit
591 2156 789 2232 Albericus
804 2159 840 2232 in
855 2157 1013 2256 epistola
1026 2157 1075 2230 ad
1090 2156 1248 2231 Comitis
1264 2156 1530 2230 Leicestrensis
1545 2158 1793 2232 secretarium.

395 2292 603 2380 ‘Litterae’
628 2294 756 2389 inquit,
786 2303 893 2367 ‘suae
918 2291 1249 2366 commendaticiae
1276 2292 1327 2365 ita
1353 2318 1413 2365 me
1440 2294 1795 2368 commendauerunt

396 2435 464 2500 ‘ut
485 2426 644 2500 habeam
667 2427 741 2500 iam
767 2427 869 2523 quod
895 2453 961 2523 per
986 2453 1051 2501 eas
1077 2426 1267 2522 petieram.
1324 2426 1533 2522 Cooptatus
1552 2453 1635 2501 sum
1654 2429 1690 2501 in
1709 2427 1794 2504 Col-

395 2559 581 2657 ‘legium:
622 2561 679 2634 ius
710 2559 816 2635 ciuile
851 2559 998 2657 publice
1028 2559 1226 2656 profiteor:
1271 2560 1301 2636 si
1337 2560 1428 2655 quid
1458 2557 1593 2634 ualebo
1624 2564 1795 2659 experiar

395 2694 526 2768 ‘breui
538 2691 573 2767 ⁸.'

445 2828 615 2926 Legebat
641 2828 799 2924 primum
827 2829 863 2900 in
891 2827 1062 2927 Collegio
1091 2827 1139 2900 D.
1162 2827 1241 2901 loh.
1266 2827 1468 2923 Baptistae,
1488 2845 1526 2903 et
1548 2855 1569 2903 e
1591 2829 1692 2904 cistis
1719 2858 1794 2907 non

393 2977 537 3034 tantum
570 2957 822 3058 Collegiorum
854 2961 1087 3057 quorundam
1124 2960 1190 3033 sed
1222 2961 1334 3034 etiam
1370 2963 1486 3058 ipsius
1526 2963 1793 3040 Uniuersitatis

347 3127 352 3138 ’
392 3093 577 3193 stipendia
594 3094 758 3191 percepit
769 3100 792 3166 ⁴.

444 3226 726 3302 Commoratum
759 3254 844 3301 eum
876 3229 912 3299 in
944 3227 1123 3323 Hospitio
1158 3226 1259 3300 Noui
1293 3224 1475 3326 Collegii⁶
1503 3229 1636 3319 ferunt,
1663 3233 1721 3306 cui
1748 3260 1794 3307 ea

393 3377 618 3458 tempestate
636 3360 794 3458 praefuit
813 3362 941 3435 iurista
959 3360 1172 3458 spectabilis
1193 3359 1329 3440 Daniel
1350 3360 1498 3438 Dunne.

433 3632 443 3664 ¹
465 3631 492 3690 E
513 3630 650 3708 Registro
673 3629 712 3688 K.
727 3628 766 3688 K.
786 3629 835 3688 fol.
857 3642 913 3704 317
930 3645 1005 3687 uers.
1026 3629 1201 3688 amicissime
1222 3629 1366 3706 excerpsit
1386 3630 1431 3688 uir
1453 3626 1565 3690 Reudm
1585 3629 1629 3689 Io.
1651 3630 1791 3702 Grilliths,

393 3731 423 3790 S.
432 3729 470 3788 T.
479 3729 526 3800 D,
542 3729 734 3787 Archiuorum
749 3726 953 3785 Uniuersitatis
967 3724 1086 3785 Custos.

432 3827 443 3859 ⁹
464 3825 511 3884 Ex
531 3826 636 3885 eodem
656 3825 801 3901 Registr0,
817 3824 864 3883 fol.
881 3827 949 3899 318.
992 3822 1028 3880 In
1049 3823 1098 3881 fol.
1122 3840 1179 3898 30²
1203 3840 1276 3882 uers.
1299 3825 1354 3882 sub
1375 3825 1489 3884 rubrica
1510 3825 1732 3886 ‘Admissiones
1753 3829 1790 3886 ad

392 3930 399 3956 ⁴
414 3923 614 3999 incipiendum
628 3923 658 3979 iu
672 3921 820 3980 Facultate
835 3920 917 3992 Iuris,
932 3937 1012 3978 anno
1027 3939 1147 3978 uonxxx
1161 3921 1208 3978 die
1222 3922 1249 3978 vi
1264 3920 1377 3980 Martii’
1392 3922 1495 3998 legitur
1504 3940 1553 3980 :-

658 4019 823 4095 ‘Incorpon
868 4016 1016 4076 Iohannes
1031 4017 1231 4076 Hortomanus
1272 4019 1382 4093 primus
1397 4019 1508 4090 Gallus,

865 4115 1018 4173 Albericus
1032 4113 1156 4173 Gentilis
1272 4116 1418 4175 secundus
1433 4117 1529 4176 Italus

432 4215 594 4293 ⁸Epistola
615 4217 646 4274 in
668 4214 803 4273 Archiuis
825 4214 922 4292 Regni
947 4211 1074 4272 Londini
1100 4212 1285 4271 adseruatur:
1316 4211 1383 4272 Uol.
1411 4216 1502 4273 cxlvii.
1530 4214 1662 4274 Domest.
1692 4215 1786 4276 Elisa·

390 4315 495 4374 bethae
511 4314 650 4392 Reginae.

431 4415 442 4447 ⁴
464 4412 602 4472 Soluebat
622 4413 695 4472 cista
715 4411 893 4472 Academica
914 4412 1063 4471 annuatim
1084 4411 1172 4470 libras
1193 4411 1227 4468 vi.
1244 4408 1298 4469 sol.
1313 4410 1370 4470 xiii.
1384 4412 1450 4471 den.
1466 4411 1502 4482 iv,
1517 4410 1681 4486 Collegium
1696 4411 1731 4470 Β.
1745 4411 1788 4471 Μ.

391 4511 587 4589 lllagdalenae
601 4512 653 4570 sol.
668 4511 716 4572 liii.
731 4512 797 4571 den.
812 4511 848 4571 iv.

432 4610 588 4687 ⁶Anglice
611 4608 687 4670 New
713 4607 772 4670 Inn
796 4610 880 4683 Hall,
905 4611 987 4670 cuius
1012 4628 1091 4669 anno
1120 4627 1229 4681 uuuxx,
1255 4607 1426 4686 Principalis
1449 4618 1511 4667 erat
1535 4606 1640 4665 Daniel
1669 4607 1787 4681 Dunne,
