4534 5576
481 705 543 767 160
963 714 1166 769 ALBERICI
1194 713 1393 768 GENTILIS

480 979 556 1022 cum
573 959 729 1040 pluribus,
745 977 831 1040 quae
848 957 921 1040 quis
939 958 1108 1036 inuenerit,
1122 957 1207 1021 facio
1226 957 1461 1022 definitionem.
1505 954 1617 1019 ‘Nihil
1636 957 1723 1019 enim
1742 957 1877 1020 omnino

481 1076 488 1102 ‘
505 1071 642 1153 agimus,
661 1070 716 1153 qui
739 1089 799 1132 nos
821 1089 879 1151 per
902 1069 1121 1133 multitudinis
1144 1069 1300 1152 exempla
1319 1063 1548 1133 defendimus?
1579 1079 1616 1132 ut
1634 1068 1687 1132 hic
1706 1067 1783 1130 uolo
1801 1087 1877 1131 cum

480 1183 589 1245 uerbis
612 1181 809 1263 Hieronymi
832 1181 948 1244 dicere.
981 1181 1057 1261 quia
1081 1180 1176 1245 multi
1199 1181 1253 1244 isti
1277 1179 1421 1261 malique
1444 1177 1551 1243 sunt¹·
1607 1179 1674 1243 ‘Et
1696 1198 1877 1261 numquam

479 1292 695 1374 ‘exemplum
714 1313 734 1355 a
753 1291 848 1355 malis
865 1289 1023 1355 sumitur?
1059 1301 1095 1354 ut
1113 1291 1202 1354 idem
1220 1291 1340 1355 scribit.
1394 1290 1521 1353 Iustam
1539 1300 1651 1353 autem
1670 1298 1753 1372 puto
1770 1289 1878 1352 Alex-

479 1406 572 1468 andri
596 1405 712 1486 Magni
730 1402 898 1487 querelam
917 1404 960 1467 de
982 1423 1063 1468 nece
1081 1404 1183 1486 patris
1201 1411 1339 1484 patrata,
1358 1422 1418 1464 sua
1440 1410 1613 1483 procurata
1633 1421 1692 1483 per
1709 1401 1847 1466 Darium
1856 1399 1878 1466 ².

479 1514 589 1579 ‘Cum
612 1514 762 1578 habeatis
784 1534 884 1592 anna,
902 1513 1072 1578 licitamini
1093 1513 1240 1576 hostium
1264 1510 1391 1596 capita,'
1413 1523 1475 1576 etc.
1513 1513 1559 1575 ait
1582 1510 1785 1576 Alexander.
1831 1511 1878 1576 Et

478 1626 564 1690 hanc
586 1625 851 1690 sollicitationem
872 1625 1052 1688 amicorum
1074 1634 1107 1688 et
1127 1624 1268 1688 militum
1289 1622 1393 1687 hostis
1406 1622 1565 1686 ueneficio
1577 1631 1755 1706 comparat.
1778 1631 1878 1705 atque

479 1760 523 1802 ex
542 1759 582 1802 ea
599 1737 725 1801 bellum
744 1736 982 1800 interneciuum
1003 1745 1125 1800 censet.
1171 1734 1260 1800 Sane
1278 1734 1472 1798 ueneficium
1493 1734 1712 1817 Iudithaeque
1732 1734 1878 1798 dixeris:

478 1871 565 1934 quae
590 1850 652 1914 sub
676 1849 786 1913 suauis
813 1848 977 1912 amicitiae
1003 1849 1112 1930 specie
1127 1850 1221 1931 quasi
1244 1868 1303 1930 per
1325 1867 1461 1910 suauem
1484 1847 1655 1929 potionem
1677 1847 1774 1928 petiit
1797 1845 1878 1911 Olo-

478 1963 577 2027 iemis
596 1964 711 2026 uitam.
757 1961 947 2025 Latrocinia
964 1959 1046 2024 haec
1064 1961 1151 2025 dixit
1174 1961 1298 2036 Liuius,
1318 1962 1404 2024 iusta
1426 1959 1515 2024 bella
1537 1961 1691 2042 negauit:
1721 1967 1759 2023 ut
1780 1969 1879 2024 antea

478 2077 512 2139 in
528 2095 681 2139 sermone
698 2076 742 2138 de
759 2073 926 2138 ueneficiis
945 2074 1114 2155 exscripsi.
1154 2073 1187 2136 N
1190 2083 1301 2137 otatus
1316 2073 1474 2155 perfidiae
1489 2072 1552 2136 suit
1568 2082 1602 2136 et
1617 2071 1729 2136 consul
1753 2072 1880 2136 Roma-

479 2208 541 2252 nus
565 2185 732 2266 Semilius,
754 2187 810 2269 qui
830 2186 997 2251 Uiriatum
1020 2187 1068 2250 ita
1089 2186 1222 2250 sustulit
1231 2185 1253 2251 ³.
1298 2185 1415 2249 Notati
1437 2185 1580 2267 Hispani
1598 2205 1619 2248 a
1637 2184 1877 2265 Guicciardino,

478 2297 646 2385 (laudatus
668 2299 695 2361 is
717 2319 851 2381 quoque
873 2297 1129 2373 iurisconsultus,
1149 2319 1215 2361 non
1239 2298 1339 2361 modo
1361 2297 1535 2360 historicus
1558 2316 1705 2379 magnus,
1727 2307 1762 2360 et
1784 2317 1877 2379 mag·

478 2433 540 2476 nus
562 2411 716 2494 politicus
725 2406 753 2496 ⁴)
768 2410 824 2492 qui
842 2409 1109 2473 Bartolomaeum
1125 2408 1317 2483 Aluianum,
1334 2409 1453 2473 ducem
1476 2409 1645 2490 copiarum
1662 2408 1878 2488 Uenetorum,

478 2523 595 2588 tollere
610 2523 658 2587 ita
672 2520 847 2586 uoluerunt
858 2521 879 2586 ⁶.
917 2517 1055 2599 ‘Adeo,’
1070 2521 1177 2604 inquit
1193 2519 1451 2598 Guicciardinus,
1467 2519 1662 2584 ‘dissimiles
1677 2541 1786 2585 mores
1801 2528 1881 2586 sunt

478 2633 684 2716 ‘praesentis
707 2632 844 2697 militiae
865 2633 908 2696 ab
931 2633 1094 2714 antiquis:
1120 2653 1222 2715 quum
1246 2633 1345 2696 etiarn
1368 2632 1591 2695 reuelarentur
1611 2631 1693 2696 haec
1716 2633 1759 2696 ab
1781 2632 1879 2696 hoste

478 2742 608 2812 ‘hosti’
654 2744 749 2809 Haec
768 2744 847 2807 mihi
868 2753 917 2807 est
936 2745 1120 2808 sententia:
1144 2764 1229 2826 quae
1247 2753 1281 2808 et
1297 2744 1413 2807 Ioanni
1434 2743 1581 2808 Bodino:
1604 2753 1642 2808 ut
1660 2744 1877 2809 conductores

476 2856 512 2919 hi
542 2856 777 2939 parricidarum
807 2875 874 2919 non
905 2857 1013 2918 minus
1039 2854 1161 2920 saciant
1191 2857 1338 2938 turpiter,
1361 2876 1461 2938 quarn
1489 2857 1551 2938 ipsi
1581 2857 1637 2939 qui
1664 2856 1877 2939 turpitudinis

477 2988 557 3032 suae
587 2967 773 3031 mercedem
802 2967 966 3049 accipiunt
976 2966 999 3028 θ.
1057 2967 1254 3034 Alexander
1283 2988 1360 3031 uere
1391 2987 1538 3051 magnus,
1561 2968 1618 3050 qui
1646 2967 1760 3048 hostis,
1784 2969 1877 3032 Darii

479 3081 573 3158 illius,
589 3100 688 3162 quem
708 3098 769 3143 nec
787 3081 910 3142 iustum
929 3078 1069 3158 hostem,
1084 3081 1142 3142 sed
1160 3079 1342 3142 ueneficum
1361 3099 1586 3161 percussorem
1606 3081 1747 3160 dicebat,
1763 3101 1877 3147 necem

478 3191 719 3275 parricidialem
745 3191 834 3254 ultus
861 3199 911 3254 est
938 3191 1074 3254 immani
1101 3191 1271 3273 supplicio.
1327 3191 1525 3274 ‘Reputans
1555 3213 1621 3256 non
1646 3202 1716 3256 tam
1746 3193 1878 3258 hostem

479 3307 599 3368 ‘suum
621 3303 722 3366 luisse
745 3303 893 3382 Darium,
911 3323 1013 3385 quam
1034 3304 1178 3367 amicum
1201 3303 1271 3366 eius
1289 3324 1309 3367 a
1327 3324 1394 3385 quo
1417 3304 1531 3368 luisset
1553 3305 1714 3372 occisus?
1737 3316 1771 3370 et
1789 3305 1877 3389 quod

479 3415 568 3493 alibi,
594 3415 628 3478 in
654 3413 752 3478 simili
779 3434 865 3492 casu,
892 3415 980 3496 quod
1011 3415 1081 3497 ipse
1111 3414 1223 3478 ‘uelut
1252 3414 1339 3478 ultor
1370 3415 1522 3496 publicae
1551 3418 1734 3481 securitatis
1763 3417 1877 3482 esse⁷.’

481 3527 592 3591 Ualde
609 3536 721 3591 autem
739 3526 883 3590 demiror
900 3526 1067 3590 Thomam
1088 3526 1231 3604 Morum,
1250 3546 1408 3608 magnum
1426 3527 1507 3591 illud
1523 3527 1668 3611 Angliae
1688 3530 1877 3612 ingenium:

479 3637 535 3721 qui
558 3639 626 3702 imo
649 3639 769 3721 probat
791 3637 874 3702 haec
896 3636 1083 3720 improbata
1106 3637 1267 3701 facinora:
1300 3640 1392 3720 quasi
1415 3639 1461 3704 sic
1487 3650 1640 3722 parcatur
1660 3643 1824 3725 stragibus
1843 3653 1879 3708 et

479 3751 639 3814 mortibus
662 3752 894 3830 innocentum;
926 3750 987 3814 soli
1007 3760 1118 3815 autem
1141 3751 1319 3832 puniantur
1340 3761 1491 3815 auctores
1512 3751 1674 3816 bellorum
1684 3752 1706 3818 ⁸.
1759 3753 1877 3834 Addit,

479 3861 680 3944 Utopienses
698 3883 775 3925 suos
797 3861 879 3926 haec
898 3882 1019 3938 curare,
1039 3870 1073 3925 et
1094 3882 1153 3926 nec
1172 3862 1286 3940 laudis,
1304 3881 1363 3926 nec
1381 3862 1490 3926 lamae
1511 3883 1622 3926 curam
1644 3863 1773 3930 habere.
1820 3865 1877 3930 Sic

478 3975 625 4058 prolecto
651 3975 763 4038 omnia
789 3975 831 4038 ad
854 3974 1041 4052 utilitatem,
1063 3975 1121 4038 sed
1145 3993 1212 4037 non
1238 3974 1350 4037 omnia
1372 3983 1468 4057 aptat
1490 3974 1544 4039 ille
1566 3976 1609 4039 ad
1632 3976 1799 4056 iustitiam,
1818 3986 1879 4041 aut

476 4085 697 4150 honestatem.
721 4079 876 4150 Ceterum
893 4096 927 4150 et
941 4087 1103 4150 incertum
1119 4096 1178 4163 est,
1193 4087 1283 4168 quod
1300 4086 1343 4149 de
1358 4085 1502 4150 utilitate
1516 4088 1680 4169 proponit.
1703 4088 1876 4172 Numquid

478 4199 566 4263 enim
592 4218 659 4261 non
685 4196 782 4262 suerit
804 4197 898 4261 heres
921 4199 1061 4262 extincti
1084 4194 1265 4280 principis?
1310 4197 1402 4262 Num
1424 4197 1520 4262 huius
1542 4200 1631 4263 ciues
1653 4208 1749 4264 tanto
1770 4201 1877 4265 acrius

642 4437 651 4468 ¹
669 4437 741 4487 Hier.
753 4435 800 4500 Ep.
816 4449 852 4499 ¹4
866 4448 905 4498 34
1034 4434 1044 4463 ¹
1060 4435 1117 4484 An.
1129 4435 1172 4486 lib.
1187 4450 1208 4488 2.
1220 4453 1242 4488 c.
1256 4451 1301 4499 14:
1317 4438 1378 4488 Cur.
1388 4438 1432 4488 lib.
1445 4455 1468 4502 4
1480 4453 1501 4489 c„
1515 4453 1544 4497 1;
1561 4438 1627 4489 Plut.
1638 4439 1712 4490 Alex.

542 4520 552 4551 ¹
570 4519 638 4571 Flor.
652 4519 697 4570 lib.
709 4535 731 4569 2.
743 4535 764 4570 c.
778 4528 822 4582 ης
840 4519 896 4568 Vel
908 4517 950 4567 lib.
962 4533 1012 4583 9.c
1033 4517 1056 4567 6.
1188 4519 1198 4549 ⁴
1213 4519 1277 4570 Dec.
1288 4536 1355 4570 cons.
1370 4521 1424 4573 226.
1437 4522 1492 4586 558.
1634 4523 1645 4554 ⁸
1661 4524 1747 4576 Guicc.
1762 4539 1800 4576 12.

650 4601 661 4631 ⁸
676 4601 739 4653 Bod.
751 4602 796 4653 ult.
806 4602 838 4652 de
849 4603 912 4667 Rep.
926 4615 947 4651 2.
1111 4600 1121 4630 ⁷
1136 4601 1224 4651 lustin.
1239 4616 1277 4651 ιι.
1292 4603 1330 4652 18.
1493 4605 1502 4634 ⁸
1520 4605 1585 4656 Mor.
1599 4621 1621 4656 a.
1632 4607 1709 4673 Utop.
