4522 5570
687 753 748 806 oa
776 753 880 808 runa
908 753 1043 822 sarar,
1075 754 1155 811 rra.
1178 754 1220 822 rr,
1253 754 1340 810 cna.
1369 755 1418 808 Vr.
1693 761 1756 833 153

351 1008 427 1063 sunt
458 1000 587 1080 magica
612 999 723 1062 omnia
732 997 752 1062 ¹.
798 998 860 1062 Usi
890 1007 1004 1062 tamen
1026 998 1304 1062 incantationibus
1326 999 1480 1064 dicuntur
1506 999 1724 1082 Argonautae
1732 997 1756 1061 ².

352 1109 397 1173 Et
423 1111 509 1174 inter
532 1110 690 1192 Assyrios
719 1119 820 1192 atque
852 1109 1053 1188 Bactrianos
1083 1110 1173 1173 Nino
1201 1119 1234 1174 et
1262 1111 1437 1175 Zoroastre
1463 1111 1662 1188 ductoribus,
1687 1110 1757 1173 siue

349 1220 444 1284 alteri
475 1221 648 1286 Zoroastre
677 1221 775 1298 socio,
805 1240 872 1283 non
902 1227 1032 1283 tantum
1064 1220 1148 1283 lerro
1182 1221 1377 1284 dimicatum
1409 1231 1444 1284 et
1478 1222 1610 1299 uiribus,
1640 1242 1755 1284 uerum

348 1332 450 1395 etiam
478 1333 611 1414 magicis
638 1342 670 1396 et
696 1331 940 1396 Chaldaeorum
967 1333 1144 1395 reconditis
1170 1331 1350 1414 disciplinis
1360 1331 1382 1396 ³.
1428 1332 1474 1396 Et
1503 1332 1648 1397 Balakus
1675 1333 1755 1415 quid

347 1466 367 1509 a
400 1445 554 1510 Bilhamo
590 1445 695 1510 uoluit
730 1455 845 1510 contra
882 1443 1085 1510 Israelem4?
1149 1445 1194 1510 Et
1231 1445 1365 1528 Bulgari
1402 1446 1538 1510 uincunt
1575 1446 1755 1528 aliquando

349 1557 627 1620 incantationibus
654 1567 688 1620 et
711 1558 896 1640 praestigiis
907 1557 929 1621 ⁵.
975 1557 1022 1621 Et
1046 1557 1241 1620 Maxentius
1267 1567 1302 1620 et
1326 1553 1541 1640 Magnentius
1570 1557 1757 1640 praestigiis

349 1667 407 1732 usi.
454 1667 500 1730 Et
526 1669 803 1732 incantationibus
829 1689 917 1750 aqua
944 1669 1055 1732 elicita
1083 1669 1244 1732 Romanis
1267 1669 1300 1731 in
1325 1667 1533 1746 Mauritania,
1557 1677 1593 1732 et
1618 1668 1757 1733 uictoria

349 1789 443 1860 parta
453 1780 475 1841 ⁰.
522 1779 568 1843 Et
598 1779 660 1843 sub
690 1779 804 1843 Marco
834 1780 881 1843 sic
907 1773 990 1842 'uicti
1021 1780 1249 1844 Marcomanni
1259 1779 1282 1844 ⁷.
1320 1781 1381 1844 nisi
1404 1790 1441 1844 tu
1472 1781 1560 1844 istud
1594 1780 1637 1843 ad
1668 1781 1756 1862 prin·

348 1890 430 1972 cipis
466 1891 625 1972 pietatem
660 1889 759 1953 resers
796 1909 871 1953 cum
911 1889 1101 1972 Capitolino
1134 1900 1168 1954 et
1206 1891 1400 1968 Claudian0,
1432 1890 1625 1954 ‘Chaldaea
1657 1911 1755 1973 mago

348 2004 428 2063 ‘seu
470 2000 616 2064 carmina
655 2001 717 2063 ritu
755 2020 925 2064 armauere
963 2001 1063 2079 DeoS,
1103 2021 1169 2074 seu,
1211 2003 1300 2084 quod
1339 2022 1419 2080 reor,
1456 2021 1556 2065 omne
1593 2001 1755 2066 Tonantis

348 2111 566 2193 ‘obsequium
594 2111 699 2175 Marci
726 2132 833 2175 mores
859 2121 998 2193 potuere
1024 2113 1139 2176 mereri
1149 2109 1182 2177 ⁸.’
1246 2112 1320 2176 Aut
1347 2114 1455 2177 uerius
1483 2114 1516 2175 in
1543 2133 1656 2195 preces
1679 2111 1755 2198 (hae

348 2241 415 2284 non
438 2220 575 2306 uetitae)
594 2222 733 2305 legionis
756 2221 904 2286 retuleris
927 2222 1141 2300 Christianae,
1160 2243 1246 2304 quae
1269 2224 1384 2288 Marco
1407 2223 1594 2288 militabat:
1618 2233 1652 2287 et
1670 2245 1755 2306 quae

347 2342 524 2415 propterea
554 2332 761 2397 fulminatrix
791 2335 888 2410 dicta,
912 2333 998 2396 sicut
1028 2343 1060 2396 et
1090 2333 1194 2396 altera
1224 2343 1310 2412 ante,
1333 2355 1418 2416 quae
1441 2336 1474 2397 in
1500 2337 1602 2398 scutis
1629 2334 1753 2398 fulmen

346 2444 463 2508 habuit
472 2445 493 2507 ⁹.
553 2443 676 2508 Decios
713 2465 790 2508 usos
827 2443 878 2508 his
915 2445 1040 2508 artibus
1077 2445 1208 2508 dixerat
1240 2445 1393 2528 Pyrrhus.
1453 2444 1521 2510 Sed
1552 2467 1629 2509 uere
1659 2455 1754 2510 notat

347 2555 471 2632 Cicero,
483 2553 654 2618 consilium
671 2555 917 2636 imperatorium
933 2553 1014 2618 illud
1030 2554 1130 2618 luisse
1146 2554 1367 2619 Deciorum¹⁰.
1402 2555 1500 2639 Quae
1516 2556 1571 2620 illa
1588 2567 1638 2621 est
1656 2578 1753 2620 uerae

347 2668 520 2751 religionis,
544 2677 646 2750 atque
671 2667 871 2732 fictitiarium
901 2676 1018 2731 notata
1045 2666 1198 2731 Cardano
1225 2669 1418 2746 differentia,
1443 2670 1534 2751 quod
1561 2669 1683 2733 fictitiis
1709 2671 1752 2733 ad

347 2799 455 2853 omne,
487 2781 587 2843 etiam
620 2778 708 2857 belli,
739 2778 951 2842 commodum
989 2779 1166 2843 utebantur
1175 2777 1208 2842 ¹¹.
1269 2779 1381 2844 Etiam
1414 2781 1468 2843 alii
1505 2780 1754 2863 exprobrabant

347 2891 508 2954 Romanis
535 2892 684 2973 magica3
715 2911 799 2972 quos
824 2900 937 2954 tamen
962 2889 1111 2955 defendit
1138 2891 1298 2974 Iosephus
1323 2891 1426 2974 probe
1438 2889 1472 2950 ¹²·
1515 2892 1594 2955 Non
1620 2913 1752 2975 quoque

347 3001 523 3065 defuerunt
545 3001 602 3083 qui
624 2999 847 3078 adfirmarent,
870 3019 936 3063 non
959 3000 1141 3064 admodum
1164 3001 1293 3083 pridem
1315 3003 1459 3066 carmine
1477 3001 1549 3065 diro
1572 3002 1752 3080 Persarum,

348 3123 384 3180 et
405 3115 492 3178 notis
514 3115 606 3196 genti
630 3113 880 3186 cantaminibus,
903 3111 1083 3194 procellam
1105 3123 1277 3177 euocatam
1300 3114 1343 3176 ad
1366 3112 1548 3177 Turcarum
1568 3115 1707 3178 exitium
1717 3113 1751 3178 ¹³.

346 3225 393 3290 Et
417 3224 504 3289 Galli
534 3226 659 3288 obsessi
689 3223 809 3288 alicubi
839 3233 1075 3307 tempestatem
1100 3225 1146 3288 sic
1171 3235 1356 3307 procurant,
1380 3234 1414 3288 et
1440 3227 1629 3290 obsidentes
1661 3226 1752 3290 abire

346 3359 423 3402 suos
447 3348 648 3421 coegerunt:
679 3339 836 3403 dicebant
857 3348 979 3416 autem,
1002 3337 1170 3402 ‘Flectere
1192 3339 1219 3402 si
1242 3359 1371 3420 nequeo
1392 3360 1535 3422 superos,
1558 3340 1751 3405 Acheronta

345 3451 511 3514 ‘mouebo
521 3447 566 3516 ¹⁴!
604 3449 693 3533 Quid
710 3450 804 3533 plura
823 3448 921 3512 dico?
967 3448 1058 3513 Hinc
1074 3459 1175 3532 patet,
1192 3449 1253 3514 has
1269 3471 1342 3514 esse
1357 3451 1486 3516 illicitas
1504 3453 1537 3514 in
1552 3453 1640 3516 bello
1654 3464 1751 3532 artes,

344 3563 435 3644 quod
460 3562 593 3638 bellurn,
617 3563 786 3626 contentio
811 3561 992 3638 hominum,
1016 3561 1053 3624 fit
1079 3581 1139 3643 per
1160 3581 1217 3624 eas
1242 3563 1412 3626 contentio
1434 3565 1643 3629 daemonum.
1700 3565 1750 3630 Ut

344 3673 392 3737 ita
414 3669 539 3736 Tassus
567 3673 686 3735 nobilis
712 3673 746 3735 in
771 3671 860 3735 bello
885 3672 918 3735 id
943 3673 1081 3735 damnat
1107 3693 1166 3752 per
1188 3673 1285 3736 istam
1308 3675 1468 3737 rationem
1491 3675 1611 3739 alicubi
1634 3678 1750 3759 prioris

345 3804 425 3847 suae
440 3785 546 3847 bonae
563 3780 817 3867 Solymeidos¹⁵.
857 3783 929 3846 Nec
944 3781 1038 3846 obliti
1057 3792 1169 3846 tamen
1185 3803 1299 3847 sumus
1316 3784 1463 3847 Deorum
1478 3806 1605 3868 pugnas
1622 3787 1750 3850 Home-

344 3896 494 3959 ricorum.
549 3895 616 3960 Sed
644 3894 720 3959 illae
745 3896 789 3959 ad
816 3895 944 3977 magica
969 3892 1050 3956 nihil
1078 3895 1239 3958 attinent:
1272 3896 1342 3957 siue
1368 3896 1541 3977 capiantur
1566 3896 1748 3978 allegorice,

344 4007 413 4071 siue
428 4007 623 4071 litteraliter.
658 4007 704 4070 Et
719 4026 827 4087 neque
843 4005 993 4068 excusari
1009 4003 1096 4068 ullus
1110 4013 1231 4086 potest,
1247 4006 1339 4087 quasi
1357 4005 1471 4089 religio
1487 4028 1547 4070 sua
1562 4009 1595 4072 id
1612 4011 1748 4091 permit-

344 4127 394 4182 tat
412 4117 485 4181 sibi.
531 4118 621 4182 Nam
639 4127 751 4182 sectae
769 4125 846 4181 sunt
865 4136 980 4180 omnes
1004 4125 1119 4180 contra
1138 4136 1254 4198 magos
1264 4113 1299 4179 ¹⁶.
1346 4117 1392 4181 Et
1410 4137 1471 4182 nec
1492 4129 1542 4182 est
1568 4120 1681 4202 religio
1704 4121 1747 4184 ad

341 4336 350 4365 ¹
367 4335 425 4386 Alc.
438 4345 476 4398 37.
488 4334 520 4384 de
531 4334 583 4386 Sin.
595 4336 661 4393 Cera
672 4334 786 4399 langob.
799 4333 837 4385 tit.
852 4346 905 4382 112.
955 4332 966 4361 ²
982 4332 1136 4384 Plut.P01ir.
1184 4333 1194 4364 ⁸
1210 4334 1307 4386 Arnob.
1321 4347 1343 4384 1.
1355 4335 1412 4385 adu.
1426 4335 1501 4397 Gen.;
1519 4339 1585 4388 Patr.
1600 4352 1620 4386 1.
1632 4338 1664 4387 de
1676 4339 1746 4388 Poet.

386 4417 490 4466 ‘Num
503 4431 551 4479 υς
568 4417 617 4466 Ios.
628 4417 674 4466 ult.
740 4415 857 4466 ⁵Euseb.
872 4429 893 4468 ι.
904 4416 936 4465 de
946 4415 981 4466 ui.
994 4415 1081 4465 Const.
1094 4429 1137 4478 303
1156 4416 1216 4465 Zon.
1228 4416 1272 4468 lib.
1287 4430 1323 4481 14.
1338 4433 1395 4482 o4.
1463 4417 1536 4469 ⁶Dio
1546 4419 1588 4470 lib.
1599 4421 1637 4469 (ro.
1649 4436 1670 4470 c.
1682 4436 1705 4484 9.

341 4499 352 4529 ἵ
363 4499 456 4566 Xiph.;
470 4500 539 4552 Suid.
595 4499 605 4530 ⁸
616 4499 688 4550 Clau.
699 4496 722 4551 6.
731 4498 777 4548 Co.
788 4499 840 4549 Ηο.
852 4498 869 4548 l.
879 4499 935 4562 348.
991 4499 1000 4527 ⁹
1011 4498 1072 4548 Iust.
1082 4499 1132 4565 Ap.
1142 4513 1168 4560 2;
1183 4499 1319 4566 TertApo
1334 4519 1340 4558 ;
1352 4501 1410 4552 Alc.
1420 4501 1483 4553 Cod.
1493 4501 1614 4552 dedecor.
1628 4505 1680 4565 (10.
1694 4507 1747 4567 3¹)-

408 4581 504 4633 ¹⁶Zoo,
515 4581 560 4632 lib.
574 4591 596 4646 7.
608 4598 629 4633 c.
643 4582 688 4640 26;
707 4582 759 4632 Cic.
772 4595 794 4644 3.
806 4580 839 4631 de
849 4581 910 4630 Nat.
921 4580 997 4632 Deor.
1010 4580 1033 4630 6.
1104 4579 1121 4610 ¹¹
1137 4581 1212 4632 Cani.
1225 4597 1249 4646 3.
1260 4583 1293 4633 de
1304 4581 1362 4648 Sap.
1429 4583 1680 4636 1²Iose.deVi.Su.

439 4665 459 4695 ¹³
475 4665 587 4718 Ionlib.
601 4677 641 4729 33.
724 4663 743 4694 ¹⁴
759 4663 831 4714 Bodi.
845 4663 968 4714 a.Daem.
1050 4662 1067 4692 ¹⁵
1083 4664 1234 4728 TassSoly.
1247 4679 1269 4715 a.
1352 4664 1372 4695 ¹⁶
1388 4665 1450 4718 Bod.
1465 4666 1646 4718 PraelDaem.

1033 4865 1057 4912 X
