4522 5570
489 749 550 814 128
972 763 1175 816 ALBERICJ
1201 763 1401 818 GENTJLJS

487 1003 690 1068 certaminis:
721 1015 757 1070 ut
779 1006 964 1088 postulatus
986 1007 1107 1084 uideat,
1130 1009 1156 1072 si
1178 1007 1238 1071 sibi
1260 1008 1445 1072 cedendum
1468 1009 1511 1072 sit
1533 1009 1586 1072 uel
1606 1009 1886 1074 contendendum.

487 1113 544 1178 Sic
567 1114 645 1177 mihi
665 1115 772 1198 Cyrus
795 1118 900 1198 male;
931 1119 987 1201 qui
1008 1119 1169 1183 Armenio
1190 1120 1258 1203 regi
1280 1120 1377 1184 simul
1400 1121 1509 1185 intulit
1530 1130 1564 1184 et
1585 1121 1706 1184 indixit
1728 1120 1852 1184 bellum
1863 1118 1883 1182 ¹.

486 1225 532 1288 Et
554 1226 615 1290 luit
637 1227 670 1290 id
694 1227 777 1292 sorte
799 1249 900 1292 unum
923 1251 966 1294 ex
986 1230 1085 1294 uasris
1105 1232 1232 1295 iniustis
1255 1231 1359 1311 factis,
1388 1241 1523 1314 propter
1545 1253 1629 1314 quae
1652 1233 1803 1314 princeps
1830 1230 1884 1293 ille

485 1335 717 1420 Xenophontis
736 1361 802 1404 non
821 1361 951 1424 semper
970 1342 1109 1406 Erasmo
1130 1343 1239 1424 placet
1248 1341 1271 1403 ².
1318 1342 1363 1407 Et
1385 1343 1528 1407 Romani
1551 1345 1654 1407 male:
1678 1343 1734 1425 qui
1750 1343 1882 1406 tertium

483 1448 530 1512 sic
547 1459 717 1532 gesserunt
734 1451 858 1515 bellum
880 1451 1047 1531 Punicum,
1067 1462 1237 1517 momento
1255 1453 1418 1517 indictum
1437 1463 1471 1518 et
1490 1454 1619 1518 illatum
1629 1454 1652 1516 ³.
1707 1454 1752 1517 Et
1770 1454 1882 1533 itaque

484 1560 669 1644 Episcopus
687 1562 804 1644 aliquis
823 1564 953 1628 dixerat
972 1564 1110 1629 Chosroi
1132 1565 1199 1647 regi
1219 1565 1400 1643 Persarum,
1419 1565 1526 1629 facere
1544 1565 1652 1647 ipsum
1669 1565 1811 1648 indigne,
1826 1563 1882 1645 qui

484 1671 609 1735 nullum
628 1682 760 1755 tempus
782 1675 963 1739 Iustiniano
985 1676 1143 1739 tribueret
1163 1676 1206 1738 ad
1227 1674 1484 1754 deliberandum,
1502 1684 1541 1741 ut
1560 1674 1613 1740 uel
1634 1677 1677 1740 de
1697 1695 1779 1758 pace
1799 1676 1883 1737 inter

483 1805 519 1848 se
541 1786 760 1858 conuenirent,
786 1785 839 1848 uel
863 1785 986 1848 bellum
1011 1807 1054 1850 ex
1078 1787 1229 1850 condicto
1255 1797 1405 1869 gererent
1415 1785 1436 1851 ⁴.
1484 1788 1578 1851 Haec
1606 1787 1685 1850 mihi
1712 1784 1881 1850 certissimi

484 1895 561 1958 iuris
594 1916 664 1960 esse
698 1893 858 1960 uidentur.
898 1905 931 1960 et
965 1917 1072 1978 neque
1102 1898 1306 1980 incognitum
1337 1907 1450 1962 tamen
1482 1907 1540 1978 est,
1572 1899 1643 1962 uisa
1678 1898 1714 1959 iri
1747 1894 1882 1961 ridicula

485 2007 649 2071 nonnullis
671 2009 800 2071 omnia:
831 2007 985 2090 quicum
1009 2007 1115 2071 Atreo
1143 2010 1261 2090 potius,
1284 2008 1496 2092 ‘Antequam
1520 2029 1555 2073 se
1578 2008 1686 2072 firmet
1712 2017 1769 2072 aut
1796 2008 1881 2070 uires

482 2123 490 2149 ‘
506 2127 608 2200 paret,
624 2127 757 2201 petatur
772 2118 857 2182 ultro
866 2116 901 2180 ⁶.’
945 2118 1014 2183 Sed
1030 2119 1081 2182 his
1097 2119 1237 2202 politicis
1253 2121 1380 2184 iniustis
1395 2120 1534 2202 praefixi
1551 2139 1744 2202 responsum
1760 2140 1780 2182 a
1795 2119 1881 2202 prin·

482 2230 576 2312 cipio,
600 2239 633 2293 et
659 2251 757 2312 saepe
783 2229 850 2312 figo
876 2249 935 2311 per
961 2239 1069 2293 totum
1096 2251 1189 2313 opus.
1235 2231 1292 2296 Sic
1318 2230 1459 2314 politice,
1484 2251 1549 2295 non
1575 2231 1717 2308 iuridice,
1740 2230 1882 2311 loquitur

484 2341 681 2404 Maecenas:
704 2342 761 2424 qui
784 2341 872 2422 apud
897 2339 1039 2405 Dionem
1059 2341 1122 2406 hoc
1144 2342 1274 2406 tradere
1290 2342 1429 2420 uidetur,
1448 2344 1480 2406 in
1504 2351 1591 2406 statu
1615 2351 1745 2405 tantum
1768 2342 1881 2403 demo·

482 2451 605 2516 cratico
627 2453 748 2516 seruari
771 2453 840 2516 iura
861 2452 944 2517 haec
967 2463 1000 2517 et
1022 2453 1170 2517 solennia
1192 2453 1454 2536 clarigationum,
1478 2453 1701 2530 indictionum,
1726 2452 1881 2536 denunci-

482 2563 639 2640 ationum,
666 2564 861 2627 dilationum
871 2563 892 2628 ⁶.
949 2563 1064 2646 Atque
1090 2585 1150 2629 nec
1176 2564 1301 2628 abolita
1326 2565 1395 2628 iura
1421 2573 1516 2628 sunt:
1547 2584 1633 2646 quae
1658 2571 1788 2628 seruata
1814 2563 1881 2624 imo

480 2673 635 2738 uidemus
654 2675 686 2737 in
704 2674 787 2738 haec
805 2684 976 2756 tempora:
1004 2675 1040 2738 ut
1060 2675 1169 2757 legere
1188 2685 1238 2740 est
1253 2677 1286 2739 in
1309 2676 1453 2739 historiis
1468 2675 1654 2758 frequenter
1663 2675 1685 2740 ⁷.
1731 2673 1799 2738 Sed
1820 2693 1879 2736 nec

480 2784 605 2848 aboleri
621 2794 776 2867 possunt:
800 2805 886 2868 quae
901 2793 978 2848 sunt
993 2787 1141 2868 gentium
1158 2789 1235 2866 iura,
1251 2797 1285 2851 et
1301 2788 1388 2852 iussa
1403 2788 1476 2853 Dei.

1100 3136 1187 3211 CAP.
1220 3137 1271 3212 ll.

837 3329 885 3402 Si
907 3329 1052 3426 quando
1081 3329 1213 3402 bellum
1238 3356 1310 3403 non
1336 3329 1524 3404 indicitur.

524 3511 592 3574 FIT
615 3511 792 3596 aliquando
815 3521 938 3590 tamen,
960 3523 996 3576 ut
1019 3512 1185 3576 obseruari
1207 3512 1288 3576 haec
1312 3514 1382 3577 iura
1403 3521 1578 3596 nequeant,
1601 3521 1658 3575 aut
1686 3512 1785 3575 etiam
1812 3530 1877 3573 non

480 3624 632 3688 debeant.
680 3623 775 3688 Clam
798 3624 977 3707 aliquando
1000 3634 1033 3689 et
1057 3623 1176 3688 furtiue
1202 3625 1279 3688 licet
1306 3646 1374 3688 rem
1401 3641 1493 3688 suam
1522 3643 1731 3705 recuperare:
1766 3630 1802 3684 ut
1825 3620 1879 3684 hic

478 3736 524 3799 ait
551 3731 707 3800 Baldus⁸.
764 3735 832 3799 Sed
858 3735 936 3799 belli
963 3756 1028 3800 non
1055 3736 1219 3800 indicendi
1246 3745 1280 3800 et
1306 3718 1468 3799 indicatus
1491 3745 1590 3797 antea
1615 3744 1666 3797 est
1692 3753 1808 3809 casus3
1845 3740 1879 3794 et

477 3856 513 3910 ut
536 3848 649 3911 citano
674 3847 707 3909 in
733 3845 804 3910 soro
832 3847 902 3911 tolli
929 3847 1106 3930 aliquando
1130 3868 1174 3910 ex
1197 3869 1313 3912 caussa
1335 3855 1454 3929 potest,
1478 3847 1524 3908 ita
1547 3845 1650 3927 possit
1673 3853 1706 3906 et
1734 3843 1767 3906 in
1790 3842 1878 3906 bello

476 3959 558 4023 haec
581 3960 688 4023 omitti
713 3959 922 4024 denunciatio
931 3959 952 4022 ⁹.
998 3957 1098 4041 Quod
1120 3960 1200 4022 item
1222 3959 1399 4039 suscipitur
1416 3956 1541 4020 bellum
1559 3975 1657 4020 causa
1676 3955 1878 4018 necessariae

475 4069 684 4150 defensionis,
703 4070 816 4152 utique
834 4069 1122 4134 denunciationem
1146 4089 1211 4132 non
1231 4069 1347 4150 exigit.
1393 4066 1492 4148 Quod
1511 4087 1590 4130 uero
1608 4065 1745 4128 insertur
1766 4084 1877 4126 neces·

476 4181 569 4258 sario,
588 4180 697 4262 ipsum
720 4180 908 4244 denunciari
930 4187 1063 4261 oportet
1075 4202 1083 4259 3
1114 4179 1190 4261 quia
1214 4187 1246 4241 et
1269 4179 1338 4241 sine
1359 4177 1446 4240 bello
1469 4186 1709 4258 consequentur
1731 4175 1877 4237 fortassis

510 4412 518 4440 ¹
535 4413 598 4465 Xen.
609 4414 739 4542 ⁴aprrop.
751 4429 773 4462 c.
785 4427 818 4476 4;
836 4409 1084 4542 Zon.6lib.3.c.16.⁵
1099 4490 1117 4540 S
1174 4409 1183 4437 ²
1201 4410 1271 4538 {qus
1282 4410 1450 4540 uilllierony.
1551 4409 1757 4540 σ’ὓιᾼρρίιξιιηίε.
1771 4424 1790 4457 c.
1807 4406 1844 4470 76.

542 4572 592 4624 ψ.
605 4495 937 4641 attrita..
957 4573 1016 4622 N...
1029 4573 1076 4623 c..
1089 4497 1305 4634 rilindi*
1328 4506 1420 4623 2²⁰5...
1433 4573 1525 4637 ..a
1539 4504 1773 4638 desipiatis.
1786 4571 1821 4633 ⁶).

749 4677 753 4686 ·
1066 4653 1141 4704 'Alc
1154 4667 1177 4716 3.
1189 4669 1257 4704 cons.
1267 4671 1291 4720 9.
