4522 5570
718 661 780 715 DE
811 662 914 715 IURE
942 662 1076 732 BELLI‚
1105 662 1184 719 LIB.
1208 663 1233 732 I,
1264 662 1351 718 CAP.
1374 662 1494 718 XXIII.
1747 674 1807 735 109

407 901 582 986 confugere
601 903 790 986 principem,
806 924 905 986 quem
925 913 958 967 et
975 905 1035 966 sibi
1055 904 1249 981 adsciscant,
1266 905 1367 968 nostri
1384 905 1512 982 docent,
1528 913 1561 968 et
1577 906 1659 968 ratio
1676 907 1809 969 euiden-

407 1014 535 1077 tissima
551 1013 796 1078 demonstrat¹:
820 1016 909 1097 quod
926 1015 1051 1078 domini
1067 1024 1100 1078 et
1116 1015 1323 1079 subditorum
1343 1025 1448 1079 status
1466 1036 1636 1080 connexus
1653 1025 1711 1094 est,
1726 1026 1760 1080 et
1775 1017 1808 1080 hi

405 1134 560 1188 tenentur
581 1125 672 1188 illum
696 1126 881 1203 defendere,
899 1135 931 1188 et
954 1126 1008 1189 ille
1031 1125 1092 1188 hos
1101 1125 1122 1190 ².
1169 1127 1373 1192 Correlatiua
1392 1137 1467 1190 sunt
1485 1128 1639 1191 dominus
1654 1138 1686 1192 et
1702 1128 1809 1191 uasal-

406 1236 476 1314 lus,
499 1238 651 1319 princeps
674 1247 708 1300 et
730 1238 872 1301 subditi:
897 1248 933 1300 ut
956 1239 1040 1302 sicut
1056 1238 1108 1301 isti
1124 1247 1200 1302 sunt
1218 1236 1356 1320 obligati
1371 1239 1456 1301 bene
1479 1239 1622 1316 obedire,
1638 1240 1684 1302 ita
1702 1240 1808 1302 domi-

406 1367 467 1410 nus
489 1348 575 1411 bene
597 1348 758 1431 imperare
768 1348 789 1412 ³.
835 1347 1009 1412 ‘Subdens
1031 1369 1067 1411 se
1089 1349 1196 1430 priori,
1220 1370 1325 1431 aeque
1348 1349 1462 1432 alligat
1481 1359 1514 1413 et
1533 1349 1684 1431 priorem.
1731 1350 1808 1414 Duo

406 1460 513 1522 ‘fiunt
538 1479 596 1541 per
618 1460 712 1522 unius
734 1460 946 1541 sponsionem
972 1461 1129 1524 alteruter
1157 1461 1329 1539 debitores,
1354 1459 1460 1524 fidelis
1487 1481 1583 1524 curae
1614 1482 1706 1538 unus,
1725 1462 1809 1524 alter

405 1570 560 1634 ‘humilis
589 1569 833 1634 obedientiae:'
864 1572 964 1633 etiam
991 1572 1034 1634 de
1061 1571 1231 1634 monachis
1261 1572 1307 1635 sic
1337 1572 1478 1635 traditur
1488 1569 1510 1635 ⁴.
1557 1571 1601 1634 Et
1633 1572 1806 1654 Lycurgus

404 1682 450 1745 sic
477 1682 655 1764 ‘populum
683 1683 715 1744 in
741 1683 899 1763 obsequia
925 1683 1122 1764 Principum,
1147 1684 1314 1765 Principes
1340 1685 1382 1747 ad
1409 1683 1569 1748 iustitiam
1596 1684 1805 1765 imperiorum

404 1797 412 1825 ‘
427 1794 570 1858 firmauit
579 1790 614 1858 ⁵?
654 1795 700 1857 Et
715 1795 789 1875 quis
805 1792 893 1858 non?
938 1795 1037 1858 Fides
1053 1796 1217 1877 reciproca
1233 1805 1284 1858 est
1299 1795 1385 1858 inter
1399 1796 1569 1858 dominum
1586 1804 1619 1859 et
1634 1795 1804 1859 uasallum.

408 1908 496 1969 unde
523 1915 556 1970 et
584 1905 663 1970 dicti
694 1903 888 1988 ‘coniuges’
922 1915 998 1970 sunt
1022 1907 1053 1970 in
1085 1907 1175 1970 libris
1204 1906 1387 1984 feudorum,
1411 1907 1504 1988 quasi
1535 1907 1701 1970 communi
1730 1907 1806 1970 fidei

406 2016 537 2080 uinculo
556 2017 730 2081 coniuncti.
758 2021 853 2082 etde
875 2039 913 2080 ea
935 2017 1095 2081 fidelitate
1118 2018 1203 2080 iurat
1226 2019 1362 2081 domino
1383 2017 1534 2096 uasallus,
1553 2017 1678 2082 uasallo
1698 2019 1805 2081 domi-

404 2149 465 2191 nus
475 2128 495 2191 ⁰.
543 2129 659 2211 Itaque
682 2128 817 2191 domino
843 2128 943 2191 fidem
967 2149 1032 2191 non
1056 2129 1198 2191 seruanti
1222 2128 1306 2191 fides
1327 2129 1412 2191 iuste
1435 2149 1501 2191 non
1524 2129 1701 2192 seruatur⁷.
1748 2128 1804 2193 Sic

403 2261 511 2322 neque
536 2238 696 2303 alienatur
719 2239 862 2302 uasallus
888 2239 1020 2315 inuitus,
1043 2241 1120 2321 quia
1144 2241 1171 2303 is
1198 2260 1258 2303 nec
1284 2239 1407 2303 alienat
1434 2240 1604 2302 dominum
1632 2240 1771 2303 inuitum
1782 2241 1803 2304 ³.

404 2352 489 2417 Cum
506 2353 538 2415 id
555 2372 659 2434 genus
674 2350 829 2433 pluribus.
875 2350 999 2433 Nequit
1016 2351 1167 2433 princeps
1183 2351 1270 2414 male
1285 2350 1435 2414 subditos
1450 2351 1581 2429 habere,
1597 2372 1674 2414 nam
1691 2352 1803 2415 haberi

402 2464 488 2526 bene
503 2463 620 2526 uolunt
635 2463 732 2526 entia.
765 2463 853 2545 quod
870 2463 912 2525 de
927 2461 1110 2524 Aristotele
1125 2462 1172 2526 ait
1188 2461 1342 2526 Baldust
1388 2461 1434 2525 Et
1450 2463 1676 2543 quaestionem
1692 2463 1725 2524 in
1741 2463 1802 2525 im-

401 2584 552 2658 peratore
570 2577 717 2657 disputat
736 2574 850 2653 inutili,
869 2584 981 2636 mente
999 2581 1106 2655 capto,
1125 2573 1261 2651 ebrios0‚
1280 2573 1336 2655 qui
1357 2593 1423 2636 non
1444 2573 1583 2637 sufficiat
1604 2574 1803 2656 reipublicae

400 2688 583 2769 gerendae:
615 2707 657 2748 an
678 2687 777 2749 istum
800 2684 941 2767 populus
965 2685 1138 2746 Romanus
1164 2683 1293 2765 priuare
1317 2685 1454 2766 imperio
1480 2684 1592 2766 possit,
1612 2686 1683 2749 eiue
1709 2687 1801 2750 adiu-

401 2808 507 2862 torem
527 2799 617 2861 dare.
649 2805 682 2861 et
706 2796 812 2873 refert,
835 2796 975 2880 Cynum,
998 2816 1037 2859 ac
1061 2795 1264 2878 Raynerium
1286 2795 1471 2858 adfirmare.
1517 2794 1585 2859 Sed
1609 2797 1720 2860 etalii
1743 2798 1801 2860 ad-

399 2909 543 2974 firmant.
589 2909 665 2992 Ipse
681 2907 805 2971 Baldus
820 2917 928 2989 negat.
958 2907 1114 2990 quoniam
1130 2928 1168 2970 ea
1184 2917 1332 2989 potestas
1347 2907 1390 2971 sit
1406 2893 1532 2989 papae:
1556 2908 1608 2971 cui
1624 2908 1803 2991 imperator

399 3023 493 3085 iurat.
549 3019 663 3102 Atque
688 3020 773 3083 adeo
799 3018 878 3082 facit
906 3018 1095 3100 Baldusque
1122 3038 1271 3082 caussam
1299 2999 1426 3096 iustam,
1453 3007 1511 3082 sed
1539 3029 1659 3098 censet,
1685 3020 1801 3084 deesse

399 3139 599 3214 potestatem
618 3131 752 3213 populo.
798 3128 854 3194 Sic
877 3137 911 3192 et
934 3128 989 3191 alii
1012 3130 1055 3192 de
1077 3130 1275 3211 imperatore
1293 3130 1464 3211 tyrannice
1480 3139 1600 3211 agente
1611 3129 1646 3193 ¹⁰.
1694 3130 1800 3209 Certe,

398 3242 511 3326 fugere
526 3243 726 3306 saeuientem
742 3241 923 3319 dominum,
939 3241 1107 3322 seruisque
1122 3240 1198 3304 licet
1210 3239 1243 3304 ¹¹.
1288 3239 1338 3303 At
1362 3241 1414 3332 de
1426 3249 1592 3322 potestate
1615 3243 1800 3322 quaerimus

398 3376 458 3419 nos
480 3357 523 3418 ad
547 3354 627 3417 illud
651 3363 782 3435 tempus
804 3373 906 3435 quum
929 3362 1077 3435 potestas
1099 3372 1206 3435 papae
1229 3372 1295 3415 non
1319 3361 1416 3415 esset.
1462 3351 1527 3416 Uel
1551 3355 1578 3415 si
1598 3362 1799 3435 potestatem

397 3467 455 3530 illo
480 3467 580 3530 etiam
608 3475 757 3546 tempore
783 3465 995 3546 agnoscimus
1020 3484 1149 3545 papae:
1176 3484 1252 3527 ecce
1280 3464 1381 3527 etiam
1408 3484 1569 3546 papaque,
1592 3464 1800 3548 populusque

396 3576 594 3641 transferunt
620 3576 802 3658 imperium.
848 3575 975 3638 Uerum
998 3575 1219 3652 aduertamus,
1242 3576 1330 3655 quod
1358 3594 1432 3637 cum
1460 3574 1600 3656 populus
1628 3577 1799 3640 Romanus

397 3697 497 3752 antea
520 3707 618 3750 omne
645 3687 819 3767 imperium
842 3705 937 3748 suum
961 3694 994 3748 et
1023 3693 1225 3766 potestatem
1249 3685 1447 3765 imperatori,
1470 3687 1570 3748 etiam
1594 3687 1694 3760 inse,
1718 3707 1797 3750 con-

396 3799 538 3875 cesserit,
561 3797 744 3873 contulerit,
767 3795 989 3860 transtulerit:
1021 3814 1128 3875 neque
1155 3790 1258 3878 (quod
1284 3795 1368 3857 bene
1395 3793 1544 3859 defendit
1572 3794 1710 3882 Baldus)
1737 3797 1798 3860 fuit

396 3912 574 3993 imperator
594 3908 687 3990 quasi
706 3927 789 3970 unus
807 3907 925 3988 aliquis
943 3905 1194 3983 commissarius,
1210 3925 1316 3986 neque
1338 3905 1401 3968 sibi
1419 3907 1468 3968 ius
1486 3905 1588 3968 ullum
1609 3907 1642 3969 in
1659 3908 1798 3989 imperio

501 4187 508 4216 ¹
525 4187 593 4252 Sigo.
607 4201 629 4249 3.
641 4187 672 4235 de
684 4185 730 4236 Re.
741 4185 801 4242 Ita.;
820 4183 944 4234 Macchia.
960 4198 981 4234 1.
995 4181 1133 4233 Histrio.
1235 4180 1246 4209 ²
1262 4181 1316 4232 Bal.
1331 4195 1353 4231 π.
1365 4197 1432 4231 cons.
1447 4181 1509 4239 188;
1526 4183 1588 4233 Dec.
1602 4198 1625 4246 3.
1639 4197 1692 4246 117.

392 4273 402 4302 ⁸
420 4271 473 4322 Bal.
485 4271 502 4320 l.
516 4285 538 4320 r.
550 4270 582 4320 de
592 4269 626 4317 di.
639 4285 673 4320 re.
686 4268 732 4332 (D.
747 4280 768 4318 1.
781 4268 821 4328 8);
838 4266 895 4316 Alc.
907 4279 931 4330 5.
943 4281 1011 4317 cons.
1025 4275 1047 4329 7.
1126 4264 1136 4295 ⁴
1152 4264 1224 4314 Bern.
1235 4265 1266 4314 de
1278 4265 1346 4314 Prec.
1358 4271 1383 4314 et
1394 4264 1467 4330 Disp.
1554 4265 1563 4294 ⁸
1579 4267 1639 4316 lust.
1650 4266 1693 4316 lib.
1706 4281 1728 4329 3.
1741 4283 1762 4316 c.
1776 4282 1798 4317 a.

590 4351 600 4380 ⁸
616 4351 702 4401 Cuiae.
717 4365 739 4399 2.
749 4351 780 4400 de
792 4348 853 4401 Feu.
867 4358 890 4412 7.
1004 4347 1014 4377 ⁷
1032 4347 1088 4398 Alc.
1103 4362 1125 4410 3.
1136 4363 1206 4399 cons.
1219 4357 1241 4411 7.
1351 4347 1360 4376 ¹
1377 4347 1430 4397 Bal.
1443 4361 1464 4410 3.
1478 4363 1545 4399 oons.
1558 4361 1598 4413 97.

522 4435 533 4464 ⁹
550 4435 602 4486 Bal.
615 4447 638 4498 5.
652 4450 720 4484 cons.
733 4446 789 4496 325,
802 4448 865 4496 409;
885 4433 902 4483 l.
915 4447 939 4498 9.
951 4433 981 4482 de
992 4431 1050 4497 legi.
1063 4433 1109 4493 (D.
1123 4445 1145 4480 1.
1158 4432 1194 4494 3).
1349 4430 1368 4461 ¹⁰
1383 4431 1477 4481 Castal.
1489 4433 1520 4482 de
1532 4432 1596 4497 Imp.
1608 4448 1629 4484 c.
1645 4448 1666 4481 2.

796 4515 813 4544 ¹¹
829 4516 846 4567 l.
861 4530 882 4566 a.
894 4517 937 4566 ubi
950 4515 1003 4566 Bal.
1015 4516 1046 4566 de
1057 4515 1096 4565 his
1107 4515 1149 4581 qui
1161 4531 1196 4564 su.
1209 4531 1245 4566 su.
1259 4513 1304 4578 (D.
1320 4529 1341 4564 1.
1354 4513 1389 4576 6).
