4498 5566
375 635 811 648 m——Q-..m—
824 643 852 649 .-

871 741 1279 806 PRAEFATIO.
1731 757 1777 800 xv

372 980 434 1044 nisi
455 981 657 1046 Iamesium1
676 993 710 1048 et
734 984 907 1066 Byrdum²
924 1007 1035 1062 meos;
1057 986 1104 1049 sic
1125 985 1219 1048 utin
1243 1007 1292 1050 rue
1314 986 1433 1048 iterum
1456 1003 1535 1047 onon
1559 990 1659 1044 totum
1682 979 1778 1044 istius

372 1083 496 1150 recidat
509 1087 652 1150 actionus.
700 1088 815 1172 Rogas
837 1089 864 1154 si
887 1091 948 1154 sim
973 1089 1129 1154 serendo?
1152 1101 1187 1156 at
1210 1091 1324 1168 enitar,
1340 1099 1503 1172 quantum
1526 1089 1559 1152 in
1583 1107 1637 1151 me
1660 1094 1720 1163 est,
1744 1093 1778 1150 et

372 1209 469 1272 spero
492 1191 615 1255 feram:
650 1193 763 1275 itaque
790 1203 823 1257 et
847 1195 950 1257 invito
975 1206 1008 1258 te
1038 1196 1223 1260 auditorem
1251 1204 1284 1257 et
1307 1204 1538 1277 spectatorem.
1582 1191 1677 1254 Veni.
1724 1189 1778 1253 Ne

372 1295 454 1358 time
482 1295 607 1373 Bertas‚
638 1306 671 1360 et
696 1297 869 1361 Adamum
900 1298 1082 1362 nubentem
1116 1299 1244 1376 iterum,
1271 1307 1328 1361 aut
1355 1298 1533 1361 Lactarum
1558 1316 1667 1358 rursus
1699 1295 1778 1358 doc·

373 1408 527 1477 toratum,
543 1411 600 1464 aut
616 1402 686 1465 eius
704 1403 834 1484 generis
853 1403 1068 1486 leguleiorum
1088 1423 1193 1486 nugas
1214 1412 1247 1465 et
1267 1423 1373 1465 meras
1391 1403 1509 1466 tricas:
1532 1399 1672 1463 habebis
1688 1398 1777 1460 enim

373 1503 406 1566 in
429 1502 597 1585 Vesperiis
625 1506 849 1571 tractationem
878 1527 900 1570 a
930 1527 980 1570 ruo
1008 1505 1048 1568 do
1075 1507 1148 1570 inre
1176 1505 1259 1585 belli,
1285 1505 1457 1588 audiesque
1484 1503 1524 1566 de
1552 1501 1676 1568 caussis
1705 1500 1781 1566 belli

372 1605 568 1688 suscipiendi
587 1606 626 1670 do
649 1607 830 1672 rationibus
844 1609 991 1690 gerendi,
1011 1608 1050 1672 de
1072 1609 1144 1671 iure
1166 1609 1324 1672 vr'ctorum
1346 1617 1379 1670 ot
1397 1607 1602 1670 dour'ctorum.
1648 1603 1778 1668 Audies

373 1707 406 1770 in
436 1711 692 1774 controversiam
719 1713 863 1777 revocari
886 1708 981 1797 (dum
1009 1709 1246 1797 disputabitur)
1269 1711 1364 1776 civile
1391 1712 1441 1774 ius
1464 1711 1713 1774 Romanorum:
1744 1707 1778 1769 in

371 1811 535 1876 bonorum
551 1814 789 1894 interdictione,
804 1817 837 1879 in
858 1817 1052 1899 quaestione
1073 1815 1217 1880 hominis
1238 1815 1341 1893 liberi,
1360 1816 1393 1878 in
1416 1813 1571 1898 quaerela
1586 1811 1777 1875 inofficiosi:

372 1917 484 1982 sedet
506 1919 534 1982 si
553 1941 640 1983 uxor
656 1929 808 1984 teneatur
829 1921 920 2002 sequi
939 1921 1043 1984 virum
1069 1920 1272 2000 exulantem,
1291 1921 1318 1984 si
1343 1929 1471 2003 patrem
1494 1917 1630 1982 exulem
1653 1914 1777 1980 interfi-

373 2021 462 2083 ciens
478 2032 527 2085 est
542 2023 715 2104 parricida,
730 2025 758 2087 si
776 2034 912 2106 propter
927 2026 1040 2088 dotem
1057 2046 1077 2087 a
1095 2045 1209 2089 socero
1226 2044 1291 2088 non
1308 2023 1451 2088 solutam
1467 2024 1569 2088 domo
1585 2040 1670 2084 uxor
1684 2018 1778 2101 pelli·

373 2131 435 2200 tur,
452 2125 532 2188 mihi
548 2145 623 2189 cum
639 2125 714 2190 filiis
729 2126 792 2190 illis
809 2130 890 2190 meis
906 2137 1176 2192 controversetur.

418 2225 476 2290 An
499 2229 562 2292 ista
589 2229 803 2312 leguleiorum
831 2232 962 2313 tuisque
992 2232 1127 2314 indigna
1149 2231 1302 2295 videntur
1326 2227 1480 2293 auribus?
1514 2248 1579 2291 non
1605 2227 1777 2290 videntur:

374 2330 481 2393 multo
501 2331 600 2412 igitur
616 2334 724 2395 minus
748 2333 804 2396 illa
827 2335 964 2416 quaein
985 2333 1146 2411 Comitiis
1166 2334 1386 2415 respondente
1407 2331 1554 2397 Sando³.
1592 2328 1719 2392 Bellum
1734 2349 1778 2391 au

366 2434 474 2516 possit
493 2435 614 2498 iustum
633 2436 785 2519 utrinque
806 2457 894 2512 esse,·
930 2459 974 2502 an
997 2437 1140 2502 inbellis
1161 2437 1311 2500 ciuilibus
1338 2437 1390 2500 ius
1409 2443 1540 2498 nunant
1558 2433 1753 2514 legationum
1763 2455 1777 2505 ,·

373 2559 417 2602 ou
431 2538 581 2602 subditus
587 2539 735 2622 principi
747 2541 915 2623 religionis
928 2561 950 2604 a
964 2561 1025 2606 sua
1036 2540 1186 2604 diuersae
1201 2540 1345 2604 militaro
1358 2538 1470 2602 debeat
1479 2546 1592 2602 contra
1600 2535 1778 2620 principem

375 2641 542 2722 religionis
556 2663 656 2708 suae:
680 2644 713 2707 id
737 2655 787 2708 est
803 2666 845 2708 an
869 2645 1001 2728 papista
1024 2655 1138 2708 contra
1154 2643 1279 2725 Papam
1299 2651 1387 2707 recte
1410 2642 1517 2724 regius
1540 2639 1678 2723 principi
1700 2659 1779 2702 suae

375 2745 504 2810 militet.
551 2746 641 2829 Ergo
665 2746 805 2813 Benette
827 2749 912 2825 veni,
928 2749 980 2813 vel
1004 2758 1040 2812 ut
1057 2770 1117 2811 nos
1140 2749 1262 2824 audias,
1279 2767 1418 2829 quorum
1435 2767 1453 2809 e
1475 2765 1610 2810 numero
1629 2754 1663 2809 et
1678 2753 1713 2808 tu
1734 2765 1778 2808 es

374 2849 460 2913 Veni
477 2859 511 2915 et
525 2851 607 2915 vale.

983 2939 1094 3004 Oxon.
1111 2941 1165 3004 die
1182 2938 1239 3004 ult.
1257 2939 1342 3002 Iunii
1358 2938 1451 3022 1588.

1199 3037 1655 3130 ALB[ERICUS]TUUS.

594 3129 653 3194 IO.
671 3129 908 3202 BENETTO‚

677 3230 786 3293 amico
802 3230 980 3294 carissimo.

381 3337 1779 3350 —-—--——-—————-—————-—-—————-———————————-——-·-

418 3399 426 3432 ¹
448 3399 621 3461 Franciscus
642 3400 749 3472 lomes,
769 3401 841 3461 Coll.
865 3400 955 3460 Omn.
977 3401 1075 3459 Anim.
1098 3403 1204 3473 socius
1227 3401 1265 3459 ad
1284 3399 1408 3476 gradum
1428 3397 1451 3457 1.
1467 3398 1500 3458 C.
1517 3397 1554 3459 D.
1572 3399 1717 3458 admissus
1736 3409 1780 3457 est

375 3497 456 3568 Feb.
472 3509 585 3558 creatus
606 3509 649 3558 est
672 3498 933 3572 Iul.,nuaxxxv111.
975 3498 1055 3558 Inter
1070 3498 1107 3558 G.
1124 3497 1217 3575 Loydi
1236 3509 1360 3558 mortem
1380 3506 1410 3558 et
1423 3497 1549 3558 Alberici
1571 3497 1779 3574 incestituram,

374 3595 442 3656 huic
463 3615 516 3674 per
536 3597 632 3656 literas
654 3608 788 3674 patentes
809 3599 918 3674 regiam
940 3599 1009 3656 iuris
1031 3598 1123 3657 ciuilis
1144 3597 1313 3656 cathedram
1335 3596 1433 3655 datam
1454 3615 1518 3656 esse
1538 3598 1575 3655 ab
1595 3596 1661 3654 Ant
1680 3596 1780 3656 Wood

375 3695 496 3754 relatum
511 3707 563 3754 est.
607 3695 687 3753 Hist
705 3694 808 3767 Oxon.,
825 3696 932 3767 Gutch,
947 3697 1004 3754 vol.
1019 3697 1048 3767 ii,
1064 3715 1092 3772 p.
1109 3699 1179 3770 858.
1223 3694 1421 3754 Cancellarius
1436 3705 1497 3752 erat
1512 3695 1674 3753 diocesium
1689 3693 1780 3752 Wells

375 3802 404 3851 et
426 3792 563 3863 Briston.,
585 3804 690 3869 postea
719 3795 843 3853 diocesis
866 3795 1071 3865 Londinensis,
1096 3811 1214 3852 necnon
1240 3793 1345 3853 Curiae
1368 3792 1543 3853 Audientiae
1571 3791 1780 3853 Cantuarensis

376 3889 479 3948 Iudex.
522 3889 603 3949 Obiit
623 3909 741 3951 uucxvr.

417 3988 429 4021 ⁸
451 3987 528 4048 Guil.
551 3988 628 4061 Bird,
652 3989 726 4049 Coll.
749 3989 839 4048 Omn.
862 3990 962 4048 Anim.
984 3989 1090 4059 socius,
1113 4000 1226 4048 creatus
1248 3999 1292 4046 est
1313 3988 1338 4047 I.
1361 3991 1396 4048 C.
1417 3989 1454 4047 D.
1476 4007 1656 4060 noaxxxvrn,
1677 3997 1781 4065 postea

375 4105 475 4165 eques,
501 4086 606 4146 Curiae
630 4088 666 4146 de
688 4088 823 4147 Arcubus
844 4088 993 4158 Decanus,
1015 4099 1044 4146 et
1068 4088 1174 4147 Curiae
1196 4087 1419 4164 Praerogatiuae
1445 4086 1652 4145 Cantuarensis
1678 4087 1778 4146 Iudex.

377 4185 458 4245 Obiit
475 4203 614 4245 uucxxrv.

416 4283 427 4316 ⁸
449 4283 669 4360 Respondentis
677 4285 773 4344 uicem
785 4285 946 4344 sustinebat
957 4284 1058 4361 procul
1068 4283 1158 4343 dubio
1169 4284 1310 4362 Edu'ynus
1320 4283 1434 4361 Sandys
1444 4281 1578 4355 ille,Coll.
1589 4283 1664 4344 C.C.
1675 4285 1781 4358 socius,

376 4381 414 4440 de
428 4399 497 4459 qu0,
509 4400 588 4440 anno
604 4401 767 4455 unrxxxrm
778 4393 861 4460 pater
875 4383 937 4442 eius
947 4383 1196 4461 Archiepiscopus
1211 4383 1299 4441 Ebor.
1316 4383 1447 4441 Domino
1462 4381 1600 4459 Burleigh
1615 4383 1781 4459 scripserat:

377 4483 385 4509 ‘
401 4479 506 4538 Filium
521 4479 619 4540 Oxon.
635 4480 740 4552 habeo,
756 4492 825 4541 ante
839 4480 895 4540 hos
910 4492 967 4540 tres
982 4500 1078 4541 annos
1090 4484 1203 4542 Artium
1216 4481 1400 4560 Magistrum,
1411 4482 1470 4540 iam
1485 4500 1537 4559 per
1546 4482 1697 4540 biennium
1713 4484 1781 4542 iun's

378 4583 385 4608 ‘
401 4577 574 4651 studiosum,
589 4588 618 4637 et
633 4589 733 4656 aptum
749 4579 798 4658 qui
813 4596 892 4639 anno
910 4580 1047 4658 proximo
1067 4580 1170 4640 doctor
1186 4579 1282 4640 fieret!
1324 4579 1426 4639 Fertur
1440 4598 1507 4638 eum
1528 4595 1607 4638 anno
1628 4599 1781 4640 uorrrxxrx

381 4693 434 4751 pro
450 4675 542 4751 gradu
558 4675 582 4736 1.
597 4675 632 4736 C.
647 4677 680 4734 B.
697 4677 801 4737 frustra
816 4677 1036 4756 supplicauisse.

1051 4876 1109 4921 C2
