4498 5566
393 1455 739 1552 ALBERICI
786 1458 1130 1556 GENTILIS
1174 1461 1272 1554 DE
1317 1461 1492 1556 IURE
1537 1461 1762 1558 BELLI.

863 1724 1031 1798 LIBER
1069 1726 1289 1800 PRIMUS.

997 1955 1088 2030 Che.
1121 1958 1147 2030 1.

800 2150 860 2222 De
884 2150 978 2222 Iure
1006 2151 1180 2223 Gentium
1205 2150 1350 2226 Bellica.

415 2339 602 2414 MAGNAM‚
633 2347 735 2420 atque
764 2336 931 2401 difficilem
962 2357 1030 2402 rem
1060 2338 1241 2420 aggredior,
1268 2340 1324 2420 qui
1354 2342 1397 2404 de
1424 2342 1500 2406 Iure
1525 2343 1602 2407 belli
1633 2343 1776 2427 suscipio

371 2451 520 2531 scribere,
536 2452 625 2534 quod
641 2449 724 2515 latet
740 2451 773 2513 in
790 2449 968 2514 recessibus
988 2458 1131 2527 naturae,
1151 2459 1184 2513 et
1203 2451 1396 2516 distractum
1416 2457 1513 2534 uarie,
1529 2466 1563 2520 et
1578 2457 1775 2539 dissipatum

372 2563 471 2628 ualde
494 2573 554 2629 est.
599 2566 719 2646 Neque
741 2563 829 2628 enim
853 2563 917 2627 hoc
940 2565 990 2626 ius
1013 2572 1063 2626 est
1086 2563 1175 2626 libris
1198 2563 1383 2643 collectum,
1402 2576 1436 2630 et
1459 2589 1653 2650 expressum
1678 2570 1776 2634 Iusti·

370 2676 480 2741 niani:
504 2679 545 2741 ad
570 2698 653 2760 quos
676 2678 767 2741 adire
789 2697 848 2740 nos
872 2696 1043 2759 possemus
1063 2674 1169 2752 facile,
1187 2686 1245 2740 aut
1266 2679 1414 2761 magistri
1436 2679 1587 2744 meliores
1610 2702 1676 2745 non
1699 2702 1775 2745 cum

359 2787 485 2854 .1abore
504 2791 610 2854 multo
632 2811 691 2854 nos
707 2790 874 2854 ducerent.
919 2789 998 2852 Non
1016 2786 1141 2852 habent
1159 2788 1232 2852 libri
1248 2789 1295 2852 illi
1317 2792 1361 2854 de
1375 2791 1439 2856 hoc
1457 2793 1536 2868 iure,
1553 2814 1618 2857 non
1634 2793 1688 2857 alii
1710 2794 1775 2872 ulli,

370 2903 426 2984 qui
458 2913 584 2968 extent.
629 2903 718 2966 Nam
744 2899 1018 2984 Philosophorum
1045 2901 1354 2984 disputatiunculae,
1381 2924 1463 2986 quas
1494 2903 1574 2967 mihi
1604 2906 1776 2969 nominare

371 3014 546 3079 nonnullas
572 3013 690 3097 aliquis
716 3021 838 3096 posset,
865 3032 924 3076 eae
947 3012 1146 3095 generaliter
1170 3022 1310 3091 tantum,
1335 3023 1368 3077 et
1394 3017 1559 3097 quaedam
1582 3017 1774 3084 summatim

369 3126 514 3205 tradunt,
530 3147 596 3190 non
612 3127 654 3190 ad
671 3125 796 3208 species
812 3124 1028 3200 descendunt,
1044 3123 1221 3206 dequibus
1237 3124 1421 3188 distinctius
1437 3127 1615 3209 explicent.
1657 3127 1775 3210 Atque

370 3237 417 3302 M.
442 3239 576 3320 quidem
600 3237 738 3315 Tullius,
762 3257 837 3301 cum
865 3255 972 3319 pauca
997 3235 1179 3300 admodum
1206 3234 1259 3300 hic
1286 3237 1497 3314 adnotasset3
1533 3238 1606 3302 ‘De
1630 3238 1775 3316 bellicis‚'

369 3349 484 3432 inquit,
503 3350 634 3414 ‘officiis
652 3351 778 3414 dictum
800 3358 850 3413 est
871 3347 986 3412 satis1.’

414 3460 547 3526 Scilicet
566 3482 626 3526 nec
646 3461 786 3539 moralis,
803 3481 862 3525 nec
881 3460 1006 3540 politici
1024 3480 1144 3523 munus
1160 3458 1351 3542 Philosophi
1367 3481 1438 3524 esse
1451 3461 1589 3540 videtur,
1605 3482 1774 3545 exponere

369 3573 447 3652 iura,
474 3596 560 3658 quae
582 3596 659 3639 cum
680 3573 831 3638 hostibus
854 3593 1039 3655 quaecum
1062 3573 1208 3636 extemis
1230 3573 1417 3636 communia
1441 3573 1536 3636 nobis
1560 3583 1646 3637 sunt.
1692 3573 1773 3639 Siue

370 3687 458 3748 enim
474 3685 606 3750 moralis
621 3685 862 3750 institutionem
877 3685 989 3750 tradat
1010 3684 1213 3767 singulorum
1235 3685 1407 3766 priuatam,
1425 3685 1495 3748 siue
1513 3685 1593 3767 quid
1618 3685 1773 3750 moliatur

368 3796 458 3861 aliud
476 3799 519 3862 ad
536 3819 702 3862 summum
718 3798 842 3862 bonum
857 3799 1116 3881 adipiscendum,
1131 3818 1263 3881 semper
1278 3797 1425 3861 continet
1441 3797 1526 3861 intra
1542 3798 1711 3862 ciuitatem
1727 3820 1771 3877 se,

368 3908 506 3974 omnino
529 3909 614 3973 intra
637 3909 854 3974 fundamenta
876 3910 1045 3984 uirtutum,
1068 3930 1134 3973 non
1157 3909 1225 3974 alte
1246 3907 1333 3972 tollit
1356 3909 1388 3970 in
1415 3908 1565 3972 aedificia
1574 3907 1596 3972 ².
1644 3909 1771 3973 Politici

369 4033 482 4087 autem
500 4044 565 4086 non
581 4032 631 4086 est
646 4022 789 4086 officium
812 4022 856 4085 de
879 4020 997 4085 bellico
1019 4021 1094 4083 Iure
1112 4039 1298 4102 exponere:
1322 4019 1478 4100 quoniam
1498 4040 1564 4082 non
1580 4021 1675 4082 unius
1690 4020 1771 4084 haec

262 4119 265 4125 ¹
369 4146 419 4200 est
432 4157 509 4200 cura
521 4136 728 4219 reipublicae,
744 4136 803 4199 sed
816 4135 973 4199 omnium.
1005 4134 1050 4197 Et
1063 4134 1108 4196 ita
1121 4129 1320 4196 Aristoteles
1336 4130 1438 4194 reiicit
1450 4151 1470 4194 a
1482 4129 1619 4214 politico
1630 4141 1770 4214 partem,

368 4266 455 4328 quae
477 4257 526 4311 est
544 4247 588 4310 de
610 4266 776 4310 armorum
800 4245 919 4322 studio,
936 4253 969 4308 et
988 4243 1114 4308 bellicis
1132 4240 1424 4308 exercitationibus
1433 4239 1456 4306 ³.
1503 4242 1598 4306 Haec
1620 4242 1772 4306 debello

369 4363 580 4449 Philosophia
611 4365 809 4449 reipublicae
840 4375 889 4429 est
917 4384 1067 4446 magnae,
1099 4361 1241 4426 uniuersi
1270 4371 1431 4428 terrarum
1457 4361 1554 4441 orbis,
1583 4372 1617 4428 et
1642 4364 1772 4446 generis

401 4566 410 4595 ¹
428 4566 480 4618 Cic.
496 4581 517 4618 1.
530 4566 571 4616 De
583 4565 631 4616 Off.
643 4580 664 4614 e.
679 4579 716 4626 13.
802 4563 812 4596 ²
830 4565 858 4614 F.
871 4561 1112 4614 Piccolom.1ntrod.
1125 4559 1180 4611 civ.
1193 4559 1259 4610 Phil.
1271 4577 1307 4611 ec.
1321 4570 1343 4624 7,
1355 4562 1378 4618 8,
1390 4575 1419 4625 9;
1436 4561 1532 4612 Introd.
1545 4561 1593 4611 Sci.
1606 4561 1665 4612 Nat.
1680 4576 1702 4612 c.
1716 4576 1739 4624 3.

925 4647 934 4675 ⁵
951 4646 1027 4698 nusi.
1043 4655 1064 4709 7.
1077 4644 1132 4698 Pol.
1144 4653 1214 4710 217.

1057 4831 1078 4880 B
