4498 5566
855 697 1083 762 INDEX
1134 682 1464 765 CAP'JTUM.

880 1047 1063 1112 LIBER
1099 1047 1427 1116 SECUNDUS.

456 1271 526 1331 Cur.
632 1271 656 1330 Ι.
697 1272 743 1332 De
758 1273 836 1332 bello
851 1273 1008 1356 indicendo

483 1415 498 1442 „
617 1369 655 1430 II.
699 1370 728 1430 Si
744 1372 864 1450 quando
877 1372 987 1432 bellurn
1001 1392 1063 1434 non
1077 1375 1212 1436 indicitur
1289 1415 1750 1433 ......

481 1513 498 1541 „
595 1467 652 1528 Ill.
694 1468 741 1528 De
756 1470 825 1529 dolo
840 1479 868 1530 et
883 1472 1094 1549 stratagematis

481 1610 498 1638 „
599 1566 652 1625 IV.
695 1567 742 1628 De
756 1567 825 1627 dolo
841 1570 997 1629 uerborum

480 1707 497 1735 „
616 1663 654 1723 V.
697 1665 744 1724 De
758 1666 919 1726 mendaciis

481 1805 496 1833 „
601 1762 654 1821 VI.
698 1763 744 1822 De
758 1764 907 1823 ueneficiis

482 1905 498 1930 ‚,
587 1859 657 1920 VII.
700 1861 746 1922 De
760 1863 849 1920 armis
864 1871 893 1921 et
906 1863 1033 1922 mentitis
1047 1864 1135 1924 armis
1199 1906 1750 1922 .......

480 2000 506 2030 ,,.
566 1957 652 2017 VIII.
695 1959 742 2018 De
757 1959 907 2031 Scaeuola,
922 1959 1045 2033 Iuditha,
1061 1961 1203 2022 similibus

481 2100 497 2125 ‚,
602 2055 654 2114 IX.
697 2057 743 2116 De
759 2058 866 2135 Zopiro
881 2067 910 2117 et
924 2059 987 2118 aliis
1001 2060 1157 2136 transfugis
1196 2099 1750 2118 .......

490 2197 498 2224 ,
618 2151 655 2210 X.
698 2155 745 2214 De
760 2156 853 2233 pactis
868 2156 977 2216 ducum
1009 2197 1750 2216 .........

482 2295 498 2322 ,,
602 2251 656 2311 ΧΙ.
698 2253 743 2312 De
759 2254 852 2332 pactis
867 2255 989 2313 militum
1014 2296 1750 2316 .........

482 2393 498 2422 ‚,
589 2349 659 2409 XII.
700 2352 747 2412 De
761 2353 885 2413 iuduciIs
917 2394 1751 2412 ..........

483 2493 499 2520 ,,
573 2447 658 2508 XIII.
700 2450 830 2522 Quando
845 2461 946 2510 contra
960 2450 1092 2511 inducias
1107 2452 1157 2511 fiat
1199 2491 1751 2512 .......

485 2592 500 2618 „
575 2543 658 2608 XIV.
700 2548 746 2606 De
761 2549 843 2607 saluo
858 2549 1007 2609 conductu

483 2692 499 2718 „
592 2644 658 2703 XV.
700 2645 746 2703 De
761 2647 1021 2722 permutationibus
1035 2656 1065 2706 et
1077 2646 1296 2707 liberationibus

485 2789 501 2817 „
573 2742 654 2801 XVI.
699 2743 745 2801 De
760 2743 882 2820 captiuis
897 2753 925 2803 et
941 2762 1002 2803 non
1016 2745 1156 2804 necandis
1200 2788 1752 2805 .......

485 2889 503 2916 ,,
560 2841 659 2901 XVII.
702 2842 748 2901 De
762 2842 808 2902 his
823 2841 872 2920 qui
887 2861 918 2902 se
932 2843 1010 2902 hosti
1025 2842 1135 2902 dedunt
1198 2884 1750 2903 .......

485 2987 501 3014 „
544 2938 658 2999 XVIII.
703 2939 739 2997 In
753 2939 867 2998 deditos
882 2949 912 2999 et
926 2949 1028 3018 captos
1045 2939 1148 3000 saeuiri
1200 2982 1752 3000 .......

483 3085 500 3114 ‚‚
577 3038 661 3098 XIX.
703 3037 749 3098 De
764 3038 913 3100 obsidibus

485 3184 503 3212 „
596 3136 663 3196 XX.
706 3137 752 3197 De
767 3137 945 3214 supplicibus
1019 3181 1754 3198 .........

484 3281 502 3309 ,,
579 3235 663 3295 XXI.
703 3235 750 3295 De
765 3238 862 3312 pueris
876 3248 905 3295 et
919 3235 1056 3295 foeminis
1111 3278 1752 3296 ........

485 3381 502 3408 „
562 3332 660 3392 XXII.
704 3333 751 3392 De
765 3334 908 3410 agricolis,
923 3315 1141 3406 mercatoribus,
1157 3335 1325 3412 peregrinis,
1340 3334 1402 3394 aliis
1417 3334 1558 3394 similibus
1656 3377 1662 3391 .
1746 3377 1752 3393 .

485 3476 502 3504 „
544 3431 657 3490 XXIII.
701 3430 748 3490 De
763 3432 895 3491 uastitate
910 3440 940 3490 et
953 3431 1092 3492 incendiis

488 3576 505 3603 „
548 3529 659 3594 XXIV.
703 3530 750 3589 De
764 3530 856 3592 caesis
872 3530 1046 3608 sepeliendis
1107 3573 1753 3590 ........

916 3887 1095 3956 LIBER
1129 3889 1403 3957 TERTIUS.

459 4109 533 4170 Car.
636 4109 659 4168 I.
700 4108 748 4170 De
761 4110 828 4170 belli
842 4110 899 4170 fine
913 4120 943 4170 et
957 4127 1030 4188 pace
1109 4145 1752 4167 ........

487 4253 504 4281 ,,
620 4209 658 4267 ll.
701 4209 748 4267 De
762 4210 870 4269 ultione
885 4209 1002 4269 uictoris

487 4350 504 4380 „
604 4306 660 4365 Ill.
702 4306 748 4364 De
763 4307 924 4382 sumptibus
939 4315 967 4365 et
982 4307 1096 4365 damnis
1110 4305 1177 4364 belli
1199 4344 1753 4362 .......

489 4448 505 4475 „
610 4403 663 4463 IV.
705 4403 833 4463 TributIs
847 4415 876 4462 et
889 4404 966 4479 agris
980 4405 1094 4463 multari
1109 4405 1203 4461 uictos

487 4547 505 4574 „
623 4501 662 4562 V.
704 4501 832 4561 Uictoris
845 4501 1000 4581 adquisitio
1014 4501 1184 4560 uniuersalis
1205 4541 1755 4561 .......

490 4644 504 4671 ,,
608 4601 662 4660 VI.
704 4599 807 4659 Uictos
821 4599 997 4660 ornamentis
1011 4599 1136 4676 spoliare
1199 4643 1206 4660 .
1293 4644 1299 4658 .
1381 4645 1388 4662 .
1475 4643 1480 4658 .
1564 4642 1570 4656 .
1656 4641 1662 4660 .
1745 4641 1752 4655 .
