4522 5570
998 709 1198 763 ALBERICI
1229 709 1429 764 GENTILIS

1068 1125 1157 1198 cnr.
1190 1123 1353 1197 XXIII.

930 1325 990 1398 De
1014 1350 1212 1422 regnorum
1237 1322 1490 1395 mersionibus.

553 1527 749 1604 SEQUITUR
772 1549 857 1592 nunc
877 1529 1035 1610 quaestio.
1081 1527 1181 1610 Quod
1200 1534 1236 1588 ut
1256 1545 1371 1588 uerum
1394 1526 1444 1602 sit,
1464 1525 1696 1606 imperatorem
1720 1527 1908 1592 Romanum

509 1658 606 1719 posse
635 1638 723 1702 bello
750 1650 897 1721 repetere
923 1639 1035 1702 omnia
1061 1659 1146 1720 quae
1170 1637 1312 1700 Romani
1336 1636 1464 1699 fuerant
1491 1637 1640 1718 imperii:
1670 1647 1827 1717 attamen,
1850 1639 1911 1701 im-

509 1758 693 1832 peratorem
717 1771 802 1814 nunc
826 1751 1052 1813 Romanorum
1077 1770 1142 1812 non
1166 1769 1244 1826 esse,
1265 1757 1297 1811 et
1322 1748 1510 1810 Romanum
1535 1750 1706 1812 euanuisse
1729 1751 1911 1833 Imperium,

510 1861 620 1924 dicent
630 1858 651 1924 ¹.
707 1860 770 1924 Illa
791 1861 940 1943 quaestio
964 1872 1013 1924 est
1038 1860 1128 1922 nihili
1153 1861 1179 1922 si
1204 1860 1375 1922 Romanus
1398 1859 1577 1940 imperator
1599 1862 1703 1941 possit
1730 1862 1817 1925 orbis
1840 1863 1911 1924 uni·

510 1972 596 2035 uersi
617 1972 678 2035 sibi
699 1972 864 2035 uindicare
885 1972 1067 2053 imperium.
1098 1971 1253 2053 quicquid
1273 1971 1373 2032 nostri
1393 1979 1556 2051 nugentur
1574 1972 1776 2053 iuterpretes
1823 1973 1912 2035 Nam

511 2091 624 2147 contra
640 2083 721 2146 alios
737 2084 884 2166 dIsputat
902 2082 969 2145 late
992 2092 1025 2146 et
1045 2083 1129 2145 bene
1149 2082 1297 2144 Didacus
1317 2081 1556 2145 Couarruuias:
1581 2093 1613 2146 et
1632 2083 1807 2162 concludit,
1822 2085 1911 2166 quod

484 2259 487 2268 ,
510 2196 689 2275 imperator
711 2215 777 2257 non
800 2204 884 2276 aget,
901 2195 962 2257 nisi
985 2195 1027 2256 ad
1048 2215 1086 2256 ea
1109 2215 1193 2275 quae
1216 2193 1295 2256 olim
1314 2192 1443 2255 fuerunt
1467 2193 1614 2275 imperil:
1638 2203 1671 2258 et
1689 2176 1808 2257 salsum
1832 2217 1910 2272 esse,

510 2305 600 2386 quod
625 2304 680 2367 ille
707 2306 749 2368 sit
776 2306 930 2368 dominus
953 2305 1055 2368 totius
1077 2305 1165 2367 orbis
1175 2302 1195 2366 2.
1243 2303 1315 2365 Nos
1337 2303 1491 2381 dixImus,
1512 2305 1602 2386 quod
1624 2325 1684 2368 nec
1707 2307 1748 2368 ad
1772 2326 1812 2368 ea
1834 2315 1911 2387 aget
1981 2299 1989 2313 ⁸

509 2437 595 2499 quae
617 2424 695 2478 ante
721 2415 829 2480 secula
855 2416 987 2479 luerunt
1015 2409 1151 2497 Imperii.
1207 2416 1304 2478 Nunc
1332 2423 1381 2477 est
1404 2415 1561 2496 quaestio,
1584 2415 1619 2493 si,
1642 2416 1697 2497 qui
1724 2417 1912 2480 nommetur

510 2527 688 2628 imperator
716 2527 951 2606 Romanorum,
974 2527 1001 2590 is
1027 2548 1103 2590 uere
1125 2527 1167 2589 sit
1196 2526 1420 2589 Romanorum
1448 2526 1634 2607 imperator.
1689 2527 1734 2590 Et
1761 2538 1911 2592 constare

510 2646 624 2701 tamen
650 2639 739 2718 apud
771 2659 888 2702 omnes
914 2638 1052 2712 uidetur,
1080 2637 1254 2718 imperium
1285 2656 1357 2699 esse
1384 2636 1573 2698 Romanum
1601 2637 1633 2699 id
1661 2637 1751 2700 cuius
1773 2639 1806 2699 in
1830 2637 1910 2701 Ger·

513 2749 622 2810 mania
642 2749 738 2811 sedes
756 2759 816 2813 est.
863 2749 908 2812 Et
926 2749 1038 2830 itaque
1058 2748 1284 2810 Romanorum
1306 2747 1537 2828 imperatorem
1556 2748 1715 2826 audimuS,
1731 2758 1764 2811 et
1783 2769 1910 2812 sacrum

513 2859 703 2922 Romanum
726 2859 907 2942 imperium,
928 2868 961 2922 et
984 2860 1065 2922 sacri
1091 2859 1233 2921 Romani
1257 2858 1383 2938 imperii
1407 2856 1585 2936 Electores‚
1607 2868 1640 2921 et
1662 2859 1796 2941 reliqua.
1842 2859 1911 2924 Sed

513 2990 557 3031 ex
580 2970 742 3033 contrario
765 2979 886 3045 tamen,
901 2969 963 3033 hoc
987 2990 1052 3032 non
1068 2991 1138 3032 esse
1162 2969 1351 3032 Romanum
1375 2969 1556 3050 imperium,
1572 2970 1808 3052 disputauerIs:
1832 2992 1912 3053 quo-

513 3081 600 3143 niam
619 3082 661 3144 de
681 3080 835 3143 Romano
853 3081 991 3162 imperio
1010 3079 1089 3142 nihil
1109 3082 1141 3142 in
1159 3089 1267 3143 totum
1284 3100 1454 3161 superesse
1469 3081 1638 3158 uideatur3
1662 3089 1696 3144 at
1715 3081 1911 3163 dissipatum

513 3193 564 3270 sit,
581 3201 614 3255 et
632 3192 674 3254 ab
689 3191 761 3254 aliis
779 3191 933 3273 gentibus
954 3200 1150 3272 occupatum
1170 3200 1329 3254 teneatur.
1375 3191 1551 3271 DistIngue
1571 3201 1682 3254 autem
1704 3201 1806 3255 terras
1827 3192 1912 3256 illius

512 3303 648 3384 imperii,
671 3311 708 3365 ut
734 3323 799 3364 uua
826 3322 900 3383 pars
927 3303 970 3365 sit
995 3322 1095 3383 quam
1121 3301 1230 3375 Terei,
1253 3311 1286 3364 et
1312 3301 1366 3364 alii
1393 3301 1523 3365 barbari
1550 3311 1686 3366 tenent:
1717 3303 1781 3365 alia
1810 3323 1910 3385 quam

513 3422 628 3477 tenent
651 3412 763 3495 Angli,
787 3412 912 3490 Franci,
935 3412 1097 3494 Hispani:
1124 3412 1221 3474 tertia
1244 3413 1339 3475 sedes
1362 3412 1440 3475 olim
1463 3413 1599 3494 ImperIi,
1619 3432 1718 3494 quam
1742 3413 1913 3477 Romanus

513 3524 674 3605 pontifex,
691 3524 824 3599 Ueneti,
843 3532 876 3586 et
894 3523 948 3585 alii
970 3523 1087 3586 Italiae
1108 3522 1269 3603 principes
1287 3521 1432 3586 habent:
1457 3532 1624 3604 postrema
1640 3545 1739 3606 quam
1757 3523 1913 3588 Germani

513 3637 584 3718 ipsi,
606 3637 662 3719 qui
690 3634 821 3700 titulum
846 3634 933 3698 huuc
964 3634 1106 3696 Romani
1133 3633 1260 3714 imperii
1288 3633 1348 3696 soli
1376 3635 1525 3697 retinent.
1579 3635 1694 3716 Atque
1719 3636 1761 3699 ad
1787 3635 1913 3700 Turcas

513 3747 602 3829 quod
630 3748 759 3824 attinet,
783 3745 978 3826 expeditum
1005 3744 1100 3806 nobis
1127 3765 1199 3807 esse
1221 3744 1305 3822 uolo,
1329 3764 1394 3808 non
1419 3765 1490 3807 esse
1513 3766 1569 3807 eos
1594 3746 1784 3809 Romanum
1808 3747 1911 3827 impe-

512 3860 605 3936 rium,
620 3859 675 3941 qui
699 3877 758 3920 nec
782 3877 902 3919 nomen
923 3855 1066 3918 Romani
1085 3855 1212 3937 imperii
1234 3865 1360 3919 tenent.
1408 3855 1644 3919 Saracenorum
1663 3857 1782 3920 dieitur
1800 3876 1912 3920 eorum

513 3969 686 4051 imperium
710 3969 847 4031 rectius:
879 3967 1013 4049 quando
1035 3967 1169 4049 quidem
1189 3987 1208 4028 a
1228 3966 1399 4030 Saracenis
1421 3966 1513 4049 quasi
1537 3987 1740 4031 successores
1762 3987 1863 4048 regna
1879 3976 1912 4031 et

513 4081 704 4161 reIIgionem
725 4077 953 4160 accepemnt³.
1001 4077 1054 4139 De
1077 4077 1232 4140 Romano
1252 4077 1390 4158 imperio
1405 4086 1610 4157 acceperunt,
1627 4078 1686 4141 sed
1705 4099 1770 4140 non
1787 4077 1913 4141 Roma-

513 4211 592 4254 num
616 4190 797 4272 imperium.
853 4189 892 4251 In
914 4186 1052 4250 Francia
1074 4206 1134 4249 nec
1157 4196 1207 4250 est
1231 4187 1403 4268 imperium
1429 4187 1638 4252 Romanum:
1671 4189 1726 4250 ubi
1753 4208 1812 4252 nec
1837 4197 1913 4252 sunt

513 4304 578 4365 iam
606 4302 661 4364 dIu
689 4302 902 4381 imperatores
926 4299 1165 4360 Romanorum.
1198 4307 1231 4360 et
1259 4299 1375 4361 Franci
1406 4299 1534 4362 srancos
1561 4320 1596 4363 se
1626 4320 1756 4380 semper
1782 4300 1825 4361 ab
1856 4299 1912 4362 illo

580 4581 589 4610 ¹
606 4582 691 4631 Cuiac.
703 4596 724 4630 c.
736 4579 781 4628 ult.
793 4579 824 4627 de
835 4578 868 4626 Io.
881 4593 919 4626 co.
981 4576 990 4604 ¹
1007 4578 1098 4627 Couar.
1111 4577 1173 4641 Reg.
1186 4578 1324 4638 Peccatum,
1337 4596 1362 4644 p.
1376 4594 1397 4628 a.
1415 4586 1426 4640 5
1440 4596 1464 4644 9.
1528 4582 1537 4610 ³
1555 4581 1675 4632 coiaco.
1688 4595 1727 4630 21.
1738 4581 1770 4630 de
1781 4582 1845 4630 testi.
