4522 5570
731 743 791 796 DE
823 743 925 798 runc
955 744 1088 814 uerri,
1118 744 1245 813 clar,
1278 743 1365 798 cap,
1388 727 1465 798 XX.
1749 754 1789 819 93

1666 894 1792 904 ——-—-·

393 988 505 1066 mouit,
522 988 610 1069 quod
631 989 657 1050 is
676 1009 741 1050 non
761 1009 780 1050 a
801 1009 844 1064 se,
865 989 923 1051 sed
944 1009 963 1050 a
983 1008 1059 1068 rege
1079 987 1284 1066 Parthorum,
1300 1009 1453 1052 coronam
1473 988 1562 1070 regni
1581 986 1760 1069 accepisset
1771 985 1792 1049 ¹.

391 1110 427 1172 ‚et
450 1102 535 1163 iusta
557 1100 633 1163 belli
658 1121 772 1163 caussa
794 1101 864 1163 suit.
888 1120 1045 1181 magnum
1070 1101 1156 1162 enim
1188 1110 1237 1163 est
1265 1122 1386 1182 magno
1409 1121 1485 1182 rege
1508 1101 1626 1164 cliente
1649 1101 1791 1182 spoliari.

393 1212 509 1294 Atque
524 1212 567 1275 ab
584 1213 835 1294 imperatoribus
852 1213 1014 1275 Romanis
1030 1233 1184 1276 coronam
1201 1233 1258 1275 rex
1276 1214 1331 1275 ille
1347 1213 1526 1276 Armeniae
1541 1233 1669 1276 sumere
1686 1215 1791 1294 magis

393 1334 561 1387 sueuerat:
594 1326 683 1406 quod
706 1325 785 1387 illud
813 1344 950 1406 regnum
977 1345 1081 1406 usque
1104 1325 1180 1386 inde
1207 1345 1226 1387 a
1251 1324 1394 1406 Tigrane
1420 1345 1479 1405 per
1505 1324 1667 1406 Magnum
1695 1325 1792 1388 Pom-

392 1435 501 1517 peium
523 1435 611 1499 uicto
632 1437 677 1500 sic
702 1438 864 1518 pertinere
883 1436 924 1498 ad
949 1436 1120 1498 Romanos
1141 1433 1344 1499 uidebatur2.
1391 1435 1502 1516 Digna
1526 1435 1605 1497 mihi
1628 1455 1726 1498 causa
1744 1437 1793 1498 ui-

392 1549 496 1625 detur,
523 1568 579 1611 cur
607 1547 737 1629 Cyprus
763 1547 944 1610 auferretur
973 1547 1050 1629 regi,
1078 1556 1111 1611 et
1138 1547 1261 1610 bellum
1291 1549 1323 1610 in
1352 1567 1425 1610 eam
1457 1567 1524 1609 rem
1553 1548 1791 1610 decerneretur.

393 1658 549 1741 quicquid
573 1659 635 1722 hoc
659 1658 774 1733 scelus,
798 1656 861 1721 hoc
890 1659 1108 1735 latrocinium,
1132 1680 1200 1722 rem
1227 1659 1384 1722 nefariam
1411 1657 1559 1720 clamitet
1584 1657 1699 1722 Cicero
1726 1679 1791 1721 non

393 1792 459 1834 uno
489 1770 570 1835 loco.
609 1780 642 1834 et
672 1771 727 1833 alii
759 1771 858 1834 etiam
890 1771 1064 1852 scriptores
1098 1781 1155 1833 aut
1190 1772 1348 1834 auaritiae
1382 1770 1505 1834 lactum
1539 1772 1760 1834 condemnent
1771 1772 1791 1835 ³.

393 1883 482 1945 Nam
506 1882 622 1960 Clodii,
638 1883 853 1946 inimicissimi
875 1882 1025 1955 hominis,
1044 1882 1177 1945 laudare
1200 1883 1326 1964 nequiit
1348 1882 1462 1947 Cicero
1485 1882 1667 1946 actionem:
1691 1903 1791 1965 quam

393 2003 504 2058 tamen
524 1995 748 2057 sanctissimus
772 1993 1009 2070 Romanorum,
1026 1993 1073 2057 M.
1091 1994 1176 2059 Cato
1196 1995 1272 2076 egit,
1289 2003 1322 2057 et
1341 2003 1468 2057 tutatus
1487 2003 1545 2057 est.
1591 1993 1674 2075 Quis
1692 1993 1793 2057 Cato·

394 2128 470 2170 nem
500 2107 670 2189 coegisset,
696 2106 897 2189 prouinciam
925 2106 1015 2168 illam
1042 2107 1214 2187 suscipere,
1240 2127 1341 2188 quarn
1369 2127 1434 2169 non
1462 2104 1658 2188 probasset?
1716 2108 1792 2170 Rex

393 2220 448 2282 ille
465 2219 593 2295 Clodio,
610 2240 629 2281 a
645 2219 757 2301 piratis
778 2228 886 2300 capto,
902 2220 935 2281 in
957 2220 1217 2300 redemptionem
1237 2221 1304 2282 duo
1325 2227 1454 2281 tantum
1476 2216 1601 2281 talenta
1621 2239 1700 2300 prae
1714 2241 1792 2282 aua-

395 2333 467 2395 ritia
494 2331 612 2394 dicitur
638 2330 815 2394 contulisse
825 2330 846 2393 ⁴.
892 2330 991 2412 Quod
1020 2331 1045 2393 si
1068 2327 1119 2416 (ut
1143 2339 1192 2393 est
1219 2329 1404 2408 uerisimile,
1424 2340 1456 2393 et
1479 2338 1516 2392 ut
1545 2328 1667 2393 Rhodii
1694 2340 1793 2412 pacto

394 2445 599 2516 tenebantur,
619 2444 672 2505 uel
695 2444 750 2505 uni
774 2443 915 2524 cuipiam
941 2443 1094 2505 Romano
1118 2443 1188 2517 ciui,
1206 2443 1336 2524 quoties
1356 2463 1438 2523 opus
1458 2451 1552 2516 esset,
1570 2443 1792 2532 succurreres’)

395 2565 428 2619 et
455 2557 516 2619 iste
544 2555 686 2637 Cyprius
713 2575 772 2617 rex
799 2554 914 2617 debuit
941 2556 1056 2617 adesse
1086 2554 1225 2618 Clodio:
1263 2554 1328 2617 iam
1356 2553 1517 2617 habemus
1547 2574 1657 2636 regem
1688 2554 1792 2618 delin-

394 2677 559 2752 quentem,
575 2677 608 2731 et
624 2664 726 2752 (quod
744 2667 855 2730 scribit
872 2666 994 2730 Strabo
1005 2665 1031 2753 ⁶)
1048 2668 1212 2750 ingratum
1229 2667 1386 2729 aduersus
1402 2666 1649 2736 benemerentes
1667 2669 1792 2732 Roma·

395 2801 463 2858 nos,
494 2801 634 2862 quorum
662 2779 763 2843 lretus
795 2781 932 2861 imperio
956 2775 1007 2863 (ut
1034 2781 1103 2860 ipse
1130 2780 1235 2861 inquit
1260 2775 1389 2864 Cicero)
1412 2777 1639 2859 perfruebatur
1662 2781 1730 2854 otio
1758 2792 1791 2845 et

395 2916 504 2977 regno.
552 2895 635 2957 Dico
661 2893 748 2972 alibi,
773 2903 806 2957 et
833 2893 951 2956 iterum
979 2893 1020 2956 de
1047 2891 1109 2956 hoc
1136 2892 1216 2955 uitio
1243 2891 1370 2974 ingrati.
1416 2890 1516 2972 Quod
1544 2892 1579 2970 si,
1603 2893 1699 2957 rebus
1726 2915 1791 2962 non

395 3008 550 3090 repetitis,
571 3007 643 3069 aliis
666 3027 732 3069 non
754 3007 837 3069 actis
860 3005 1049 3069 solennibus
1076 3006 1243 3087 iustisque,
1267 3025 1317 3068 res
1340 3024 1378 3066 ea
1402 3013 1534 3086 peracta
1557 3014 1616 3082 est,
1638 3002 1689 3092 (ut
1711 3006 1790 3071 item

393 3130 526 3184 accusat
550 3116 679 3205 Cicero)
701 3121 823 3183 crimen
846 3139 908 3200 ego
932 3139 998 3181 non
1021 3117 1165 3182 delendo
1187 3117 1248 3194 hic,
1266 3137 1344 3180 nam
1367 3116 1410 3179 de
1433 3118 1593 3180 materiali
1618 3139 1716 3182 causa
1738 3120 1792 3184 hic

393 3233 580 3314 quaerimus
606 3230 789 3307 bellorum;
813 3229 868 3292 illa
894 3230 959 3292 alia
983 3230 1133 3311 quaestio
1160 3239 1210 3292 est
1234 3229 1277 3291 de
1301 3228 1437 3291 formali.
1484 3228 1529 3291 Et
1553 3228 1615 3292 hoc
1638 3231 1681 3293 de
1704 3231 1792 3294 lacto

396 3342 539 3425 Cyprico
558 3343 659 3406 etiam
676 3343 772 3406 trado
792 3342 824 3404 in
844 3341 934 3404 libris
955 3342 998 3404 de
1013 3342 1113 3404 armis
1134 3339 1513 3436 Romanis-,Uidemus
1536 3341 1589 3404 hic
1611 3342 1791 3407 etiamnum

394 3458 436 3520 de
455 3477 519 3519 una
537 3465 636 3538 atque
655 3455 757 3518 altera
778 3454 949 3518 materiali.
997 3452 1158 3517 Hercules
1174 3473 1240 3515 non
1256 3443 1480 3526 iusldssbellum
1497 3473 1629 3517 mouere
1649 3456 1682 3518 in
1699 3455 1793 3519 Troi-

393 3588 475 3631 anos
491 3568 588 3659 uisus,
604 3567 647 3630 ob
664 3587 766 3649 equos
787 3567 849 3629 sibi
868 3588 911 3630 ex
933 3575 1031 3647 pacto
1052 3566 1190 3642 debitos
1207 3585 1267 3628 nec
1288 3556 1464 3645 praestitos
1473 3563 1495 3628 ⁷.
1540 3564 1597 3627 An
1613 3567 1690 3648 quia
1711 3567 1793 3631 leuis

393 3701 490 3744 causa
504 3679 548 3741 rei
561 3679 642 3741 leuis
658 3689 691 3741 et
703 3678 857 3741 ferendae
870 3675 1034 3740 iacturae?
1059 3676 1154 3739 Idem
1170 3677 1268 3757 igitur
1279 3676 1340 3738 erit
1356 3675 1511 3738 iudicium
1524 3676 1566 3739 de
1578 3677 1665 3741 bello
1680 3679 1793 3759 altero,

393 3793 482 3874 quod
503 3790 635 3873 Augiae
651 3789 770 3867 intulit,
789 3790 832 3851 ob
849 3788 1034 3851 mercedem
1052 3807 1117 3850 non
1132 3795 1302 3867 acceptam
1322 3787 1452 3868 purgati
1477 3789 1597 3851 stabuli
1608 3787 1631 3848 ⁸.
1676 3790 1793 3874 Atque

393 3905 439 3966 ita
462 3923 576 3966 uerum
599 3903 642 3966 de
665 3923 705 3966 eo
731 3901 896 3964 Homerus
919 3899 1049 3975 dixerit,
1072 3897 1355 3980 quemadmodum
1378 3897 1483 3961 multa
1506 3899 1583 3963 lecit
1606 3901 1734 3981 iniuste,
1760 3913 1793 3968 et

394 4014 498 4078 multa
528 4013 634 4077 tulitl.
689 4012 782 4077 Bella
812 4013 881 4076 eius
911 4010 1032 4074 furiosa
1061 4018 1196 4091 propter
1227 4007 1379 4071 mulieres
1409 4010 1487 4073 alibi
1517 4022 1721 4078 accusantur.
1759 4024 1794 4083 et

394 4129 476 4192 haec
491 4128 626 4210 quidem
643 4135 730 4189 recte
739 4124 774 4188 ¹⁰.
813 4125 863 4190 Ut
880 4125 1065 4205 Dariusque
1081 4124 1294 4204 uituperatur,
1306 4123 1362 4204 qui
1379 4122 1504 4186 bellum
1521 4134 1633 4189 contra
1650 4127 1795 4208 Scythas
1885 4211 1892 4222 θ

433 4407 441 4436 ¹
461 4407 562 4456 Zonara.
576 4405 620 4455 lib.
634 4418 671 4455 11.
684 4419 704 4453 c
720 4417 757 4451 21.
823 4403 833 4431 ²
849 4403 916 4453 Suet.
929 4403 994 4466 Aug.
1010 4416 1047 4452 21.
1064 4403 1111 4465 Ty.
1124 4415 1163 4464 4¹·
1181 4401 1295 4465 Ner.13;
1313 4403 1373 4452 Tac.
1385 4403 1435 4452 An.
1451 4403 1699 4469 2.3.6.11.12.13.
1716 4421 1753 4472 r5.

492 4491 501 4520 ⁸
518 4490 572 4540 Cic.
584 4505 629 4554 pro
640 4489 691 4537 Do.
703 4488 732 4544 ὃς
749 4502 795 4551 pro
807 4485 872 4536 Sext.
887 4485 934 4546 26;
951 4486 1008 4534 Am.
1021 4484 1064 4534 lib.
1081 4499 1117 4549 14.
1130 4501 1152 4534 c.
1165 4485 1194 4542 8;
1212 4485 1267 4535 Sex.
1279 4485 1336 4534 Rus.
1446 4485 1454 4514 ¹
1472 4487 1539 4552 App.
1555 4503 1566 4536 2
1587 4488 1645 4539 Ciu.
1659 4505 1697 4553 ²3·

586 4571 597 4599 ³
613 4572 677 4636 App.
689 4585 713 4634 4.
727 4568 783 4619 Ciu.
797 4579 834 4632 70.
998 4567 1008 4597 ⁶
1024 4567 1072 4617 Str.
1084 4567 1129 4616 lib.
1144 4583 1181 4631 14.
1345 4566 1355 4596 l
1373 4567 1421 4618 Str.
1435 4570 1479 4618 lib.
1496 4585 1532 4632 13.
1546 4587 1567 4620 c.
1581 4585 1602 4619 1.

514 4657 524 4686 ⁸
541 4653 667 4705 Paus.1ib.
680 4668 702 4718 5.
715 4669 737 4702 c.
752 4665 773 4700 1.
921 4651 931 4681 ⁹
950 4651 1028 4700 Hom.
1042 4649 1093 4713 Hy.
1108 4649 1183 4700 Herc.
1326 4649 1346 4680 ¹⁰
1360 4649 1416 4700 Sen.
1430 4650 1490 4701 Her.
1503 4653 1549 4703 Oe.
1564 4667 1584 4702 a.
1597 4653 1614 4702 l.
1626 4668 1683 4717 4²⁵·
