4498 5566
725 725 786 777 DE
814 725 917 778 IURE
945 723 1078 790 BELLI,
1109 723 1188 778 LIB.
1212 724 1236 789 Ι,
1269 721 1357 778 CAP.
1386 722 1414 778 V.
1729 726 1768 792 27

369 968 530 1031 rationem
552 966 742 1046 humanam,
758 988 824 1049 qua
846 969 889 1031 ad
912 968 1114 1044 societatem,
1130 987 1196 1031 non
1220 967 1263 1030 ad
1282 966 1417 1030 dissidia
1433 965 1534 1048 geniti
1557 984 1689 1028 sumus:
1713 962 1771 1026 sed

368 1087 570 1143 nontamen
593 1087 707 1143 contra
729 1078 908 1142 humanam
930 1079 1090 1142 rationem
1113 1098 1256 1156 ornnem,
1279 1065 1420 1159 canique
1442 1097 1526 1160 quae
1549 1075 1641 1140 iubet
1667 1075 1771 1138 disce-

369 1191 486 1255 dentes
507 1190 551 1254 ab
568 1190 713 1255 humana
732 1192 898 1270 societate,
915 1201 948 1255 et
968 1192 1038 1254 iura
1055 1189 1226 1254 hominum
1245 1209 1310 1253 non
1326 1197 1465 1264 tuentes,
1482 1187 1602 1265 ulcisci,
1617 1197 1716 1270 atque
1738 1187 1771 1248 in

369 1323 409 1366 ea
430 1303 509 1380 iura,
525 1302 681 1384 legesque
704 1311 737 1366 et
760 1323 867 1366 mores
890 1323 1016 1384 cogere.
1063 1302 1109 1365 Et
1131 1302 1194 1365 hoc
1216 1301 1250 1363 in
1269 1299 1462 1383 quaestione
1480 1307 1600 1376 nostra,
1615 1297 1704 1362 bella
1727 1318 1772 1360 ex

370 1415 437 1478 iure
454 1435 534 1490 esse,
551 1415 613 1479 etsi
629 1423 699 1478 tam
719 1415 823 1478 multa
838 1435 858 1478 a
873 1414 969 1478 bellis
991 1415 1056 1478 sint
1080 1413 1186 1476 mala:
1210 1412 1288 1496 quia
1310 1419 1489 1495 sequuntur
1511 1411 1653 1474 finaliter
1674 1409 1771 1482 bona,

370 1526 512 1590 reductis
523 1524 697 1589 rebellibus
712 1526 756 1588 ad
768 1525 917 1589 debitum
934 1522 1095 1589 rationis1.
1122 1525 1168 1588 Et
1180 1523 1269 1606 quod
1283 1522 1374 1587 cuius
1384 1521 1459 1586 finis
1474 1531 1524 1586 est
1535 1521 1650 1601 bonus,
1662 1521 1771 1603 ipsum

368 1657 499 1720 quoque
521 1637 656 1717 bonum,
680 1645 713 1700 et
737 1637 859 1700 iustum
879 1646 938 1702 est.
985 1637 1030 1701 Et
1049 1636 1139 1720 quod
1162 1636 1273 1700 omnia
1293 1655 1353 1698 suo
1373 1634 1438 1698 fine
1460 1633 1686 1711 terminantur,
1709 1639 1771 1696 etc.

370 1749 465 1833 Quae
487 1751 530 1814 de
552 1748 734 1813 Aristotele
752 1759 829 1813 sunt
838 1747 859 1813 ².
905 1749 997 1813 Finis
1019 1756 1131 1812 autem
1154 1747 1232 1812 belli
1255 1768 1333 1830 pax.
1363 1746 1406 1810 ad
1425 1765 1536 1829 quam,
1552 1753 1586 1809 et
1601 1745 1644 1808 ad
1660 1743 1771 1826 aequi-

369 1871 473 1926 tatem
489 1859 549 1947 (sic
570 1870 797 1943 comparatum
813 1861 932 1925 dicitur
947 1869 1064 1926 natura
1074 1857 1101 1946 ³)
1118 1860 1179 1924 nisi
1194 1880 1254 1942 per
1268 1859 1470 1942 sanguinem,
1487 1866 1521 1921 et
1535 1856 1595 1920 has
1609 1855 1772 1919 bellorum

370 1972 501 2037 iniurias
521 1973 624 2037 ueniri
646 1993 713 2036 non
736 1972 854 2037 ualeat.
900 1971 957 2036 Sic
979 1972 1119 2035 seruitus
1142 1980 1176 2034 et
1198 1979 1313 2035 contra
1335 1979 1487 2034 naturam
1511 1976 1581 2046 est;
1605 1974 1772 2031 ettamen

370 2085 550 2149 secundum
581 2093 734 2148 naturam
760 2103 910 2166 quoque3
946 2083 1031 2165 quia,
1055 2083 1110 2164 qui
1137 2082 1261 2146 faciunt
1287 2089 1401 2146 contra
1431 2089 1593 2154 naturam,
1619 2078 1653 2141 hi
1682 2078 1772 2141 bono

370 2205 514 2272 naturae,
529 2194 694 2272 libertate,
709 2196 771 2258 frui
791 2215 856 2258 non
875 2194 1008 2259 debent.
1055 2193 1131 2277 Qua
1155 2194 1197 2256 de
1220 2213 1254 2256 re
1274 2192 1400 2274 plenius
1418 2193 1452 2254 in
1470 2189 1554 2254 libro
1572 2190 1680 2254 tertio.
1726 2187 1774 2251 Et

370 2307 451 2371 haec
477 2307 523 2371 ita
548 2308 671 2372 dixerit
697 2308 768 2389 ipse
794 2305 920 2371 Cicero.
966 2305 1012 2369 Et
1037 2325 1143 2387 neque
1167 2305 1268 2368 sentit
1295 2303 1423 2368 Seneca
1448 2300 1552 2367 aliter.
1598 2301 1652 2364 De
1676 2298 1773 2363 bellis

370 2419 497 2483 iniustis
519 2420 620 2484 aiunt.
676 2420 766 2483 Nam
793 2418 906 2482 laudat
931 2417 1085 2481 Herculis
1107 2416 1195 2481 bella
1218 2415 1352 2490 Seneca
1376 2436 1461 2498 quae
1488 2415 1574 2477 iusta
1600 2411 1738 2477 credidit
1748 2409 1771 2470 ⁴.

370 2530 593 2595 Tertullianus
616 2531 697 2594 item
720 2529 858 2593 intuitus
880 2529 914 2591 in
937 2549 985 2606 ea,
1000 2549 1086 2610 quae
1108 2527 1178 2591 fieri
1201 2527 1308 2591 solent
1330 2527 1365 2590 in
1387 2525 1484 2590 bellis
1505 2525 1644 2606 saepius
1660 2533 1693 2587 et
1708 2543 1775 2605 qua

370 2641 491 2706 iniusta
513 2651 598 2720 sunt,
613 2641 807 2704 iniustitiam
832 2640 998 2723 propriam
1020 2638 1180 2703 bellorum
1196 2638 1292 2702 dixit.
1337 2636 1387 2701 At
1405 2657 1466 2702 nos
1482 2635 1677 2719 quaerimus,
1693 2634 1772 2717 quid

371 2752 441 2815 fieri
464 2753 497 2815 in
521 2751 608 2816 bello
624 2752 753 2830 debeat,
769 2760 803 2815 et
818 2771 897 2815 uero
913 2751 1014 2815 etiam
1037 2750 1151 2832 possit,
1167 2758 1201 2813 et
1216 2749 1341 2813 sactum
1365 2749 1416 2827 sit,
1430 2756 1531 2831 atque
1553 2747 1612 2811 fiat
1626 2769 1646 2810 a
1661 2745 1774 2830 probis

372 2883 509 2946 semper.
564 2863 665 2945 Quod
688 2871 800 2926 autem
824 2862 977 2925 militiam
1001 2862 1209 2938 condemnat,
1226 2860 1260 2924 id
1283 2858 1458 2942 praecipue
1480 2867 1615 2941 propter
1636 2855 1774 2921 idolola-

372 2975 469 3038 triam
489 2974 586 3038 sacit:
611 2995 696 3056 quae
718 2983 789 3038 tum
809 2973 968 3054 temporis
991 2972 1025 3033 in
1048 2971 1271 3048 Sacramenta,
1295 2972 1381 3034 etin
1405 2969 1592 3051 Principum
1614 2969 1773 3050 imagines

372 3085 657 3168 impendebant
680 3092 717 3147 ut
740 3084 866 3166 liquido
886 3083 974 3165 apud
998 3102 1074 3145 eum
1098 3083 1210 3145 uidere
1228 3091 1286 3145 est.
1332 3081 1508 3145 Lactantio
1532 3100 1617 3144 nunc
1640 3099 1774 3162 respon-

371 3198 489 3261 demus
519 3197 639 3260 eodem
671 3195 781 3272 mod0,
813 3204 847 3258 et
878 3193 1057 3276 Cyprian0,
1085 3202 1119 3256 et
1150 3192 1319 3275 Gregorio,
1351 3192 1479 3275 ipsique
1509 3192 1593 3255 adeo
1624 3191 1773 3254 Erasm0.

373 3308 407 3370 ls
431 3308 519 3371 enim
542 3307 589 3370 sic
611 3308 654 3371 ad
679 3305 883 3388 Cyprianum
902 3306 1053 3381 adnotat,
1071 3303 1352 3385 quemadmodum
1376 3313 1508 3368 sanctus
1531 3301 1587 3365 ille
1610 3301 1775 3383 uitupera-

372 3420 456 3483 uerit
478 3418 574 3496 bella,
589 3419 666 3500 quia
689 3417 846 3500 pleraque
869 3425 978 3480 essent
1000 3415 1112 3478 omnia
1134 3415 1261 3493 iniusta,
1277 3415 1344 3479 imo
1367 3415 1501 3478 omnino
1523 3412 1635 3477 omnia
1654 3414 1776 3477 iniusta

372 3538 490 3608 essent,
506 3539 542 3593 ut
566 3549 650 3593 nunc
672 3527 760 3592 bella
774 3528 843 3612 geri
867 3536 1114 3592 consueuerunt.
1161 3527 1217 3589 Ex
1233 3527 1297 3589 isto
1314 3525 1515 3609 praeiudicio
1531 3525 1688 3615 ¹Erasmus
1704 3526 1775 3608 ipse

372 3662 447 3706 suas
470 3640 602 3705 conficit
625 3640 776 3714 rationes,
797 3649 831 3703 et
854 3640 1053 3704 declamitat.
1101 3638 1219 3721 Itaque
1241 3638 1400 3721 puerilem
1423 3637 1492 3702 eius
1515 3637 1774 3720 disputationem

373 3754 481 3818 dicere
504 3753 607 3836 possit
636 3752 755 3815 merito
778 3750 1027 3814 BellarmInusss.
1068 3749 1139 3814 Alii
1163 3750 1339 3813 Erasmum
1360 3749 1462 3824 nobis,
1485 3748 1540 3813 alii
1560 3749 1593 3814 in
1614 3750 1775 3813 contraria

373 3866 514 3930 afferunt
536 3865 582 3929 sic
605 3873 707 3946 parte.
752 3862 854 3926 Forte
872 3872 983 3925 autem
1004 3863 1102 3925 tertia
1116 3861 1213 3925 suerit
1235 3861 1347 3943 opinio
1363 3861 1477 3938 uerior,
1493 3880 1553 3924 nec
1571 3881 1647 3923 eum
1662 3861 1774 3937 scisse,

373 3977 451 4060 quid
479 3984 634 4053 censeret,
657 3973 821 4057 pendulus
847 3972 1018 4038 litterator.
1075 3972 1187 4035 Etiam
1211 3971 1343 4036 uidetur
1368 3970 1458 4049 mihi,
1480 3991 1586 4053 neque
1608 3971 1690 4034 alios
1712 3969 1774 4032 sibi

373 4088 557 4152 constitisse
579 4086 633 4150 hic
655 4105 787 4167 semper
808 4092 927 4166 patres.
988 4083 1188 4147 Audiuimus
1211 4082 1416 4165 Gregorium.
1454 4082 1524 4146 eius
1545 4091 1658 4146 tamen
1681 4081 1776 4164 plura

372 4207 450 4263 sunt
473 4199 505 4262 in
530 4198 683 4274 Decret0,
705 4216 790 4279 quae
813 4195 937 4258 bellum
964 4193 1139 4277 probantl.
1183 4192 1455 4276 Theophylactus
1477 4193 1532 4270 ait,
1553 4193 1680 4257 ‘minus
1703 4213 1775 4256 esse

494 4465 502 4494 ¹
519 4466 572 4516 Bal.
585 4467 666 4518 Castr.
677 4465 695 4515 l.
708 4480 722 4529 5
734 4465 765 4514 de
777 4465 832 4514 lust.
845 4465 891 4528 (D.
906 4477 927 4512 1.
942 4465 976 4527 1).
1075 4462 1085 4490 ²
1102 4462 1180 4513 Arist.
1194 4472 1215 4526 7.
1227 4463 1271 4513 Po.
1286 4475 1323 4524 14.
1338 4471 1359 4526 7.
1458 4461 1468 4490 ³
1484 4459 1618 4512 Scanderb.
1630 4461 1654 4511 6.

584 4551 593 4580 ⁴
610 4549 667 4599 Sen.
681 4564 702 4599 1.
714 4549 745 4598 de
758 4547 840 4598 Benes.
856 4561 893 4611 13.
1099 4547 1108 4576 ³
1124 4547 1191 4598 Suet.
1202 4548 1260 4598 Tib.
1273 4563 1319 4611 443
1337 4563 1361 4611 4.
1374 4547 1492 4596 Herodis.
1505 4563 1525 4596 c.
1538 4561 1560 4610 3.

400 4630 453 4682 Bel.
465 4632 539 4681 Cont.
551 4631 582 4682 de
594 4631 692 4682 Concil.
706 4631 750 4683 lib.
759 4646 782 4695 3.
792 4647 813 4682 c.
825 4645 871 4696 14;
889 4631 959 4682 Pam.
971 4632 1003 4680 ad
1015 4633 1105 4695 Cypra
1118 4630 1184 4680 Dan.
1197 4630 1229 4679 ad
1242 4631 1331 4680 Bellar.
1366 4628 1375 4658 ²
1387 4630 1463 4680 Decr.
1474 4643 1496 4678 a.
1505 4645 1579 4679 causa
1593 4641 1630 4690 ²3·
1640 4644 1664 4692 q.
1672 4630 1695 4678 8.
1705 4645 1725 4678 c.
1738 4639 1774 4692 17.

1049 4860 1106 4909 Ea
