4498 5566
455 715 496 794 56
940 727 1141 780 ALBERICI
1170 726 1370 780 GENTILIS

456 967 629 1031 decentem
646 969 817 1032 uictoriam
826 967 846 1032 ¹.
893 967 1026 1033 Scilicet
1045 970 1249 1052 iniquissima
1267 980 1318 1035 est
1336 971 1544 1050 conflictatio,
1560 974 1616 1037 ubi
1634 984 1728 1056 parte
1749 974 1854 1039 altera

456 1089 579 1162 agente
594 1081 717 1162 patitur
732 1090 861 1146 tanturn
878 1081 981 1145 altera
989 1080 1010 1144 ².
1055 1081 1102 1145 Et
1117 1081 1205 1145 idem
1221 1103 1241 1145 a
1256 1082 1375 1164 legatis
1391 1082 1594 1165 Gepidamm
1611 1085 1746 1164 dictum,
1762 1085 1852 1168 quod

456 1192 513 1272 qui
529 1200 615 1255 stare
630 1192 768 1256 aliorum
783 1193 966 1256 sententiae
980 1192 1123 1270 student,
1138 1191 1172 1255 hi
1184 1193 1298 1256 uiolari
1314 1215 1379 1257 non
1396 1196 1465 1259 sine
1481 1197 1596 1259 iniuria
1612 1197 1738 1278 possint
1747 1195 1770 1260 ³.
1803 1196 1853 1261 At

455 1301 538 1366 haec
562 1323 628 1366 non
651 1304 816 1385 pertinent
838 1303 881 1366 ad
904 1303 1073 1366 iustitiam.
1118 1304 1208 1366 Nam
1230 1305 1316 1368 iusta
1338 1314 1389 1368 est
1412 1305 1567 1384 defensio,
1586 1316 1621 1370 et
1642 1308 1769 1385 caedes,
1791 1308 1853 1370 etsi

455 1411 568 1495 fugere
591 1415 744 1478 occidens
766 1415 871 1496 possit
892 1413 1018 1495 absque
1040 1413 1192 1495 periculo
1211 1423 1245 1478 et
1267 1415 1367 1478 ita-se
1384 1435 1522 1480 semare.
1569 1417 1615 1481 Et
1637 1419 1706 1482 siue
1728 1419 1854 1482 occisor

456 1524 526 1601 iste,
549 1525 604 1606 qui
631 1545 667 1588 se
693 1524 850 1603 defendit,
874 1525 944 1588 eius
970 1525 1013 1588 sit
1039 1525 1240 1589 condicionis
1264 1526 1314 1589 cui
1341 1527 1383 1590 sit
1409 1536 1442 1591 et
1467 1527 1611 1592 dedecus
1637 1529 1759 1611 fugere,
1783 1530 1853 1592 siue

454 1634 598 1698 dedecus
624 1654 689 1698 non
716 1636 768 1699 sit.
814 1635 910 1718 Quae
937 1645 1088 1718 receptae
1110 1637 1293 1700 sententiae
1315 1638 1349 1699 in
1371 1638 1494 1701 caussis
1517 1647 1594 1701 sunt
1616 1641 1820 1721 priuatorum
1829 1637 1851 1703 ⁴.

454 1745 499 1808 Et
516 1745 596 1808 mihi
614 1746 647 1809 in
666 1746 807 1828 publicis
827 1739 932 1810 multo
951 1746 1057 1828 magis
1075 1747 1266 1828 probantur.
1313 1747 1473 1812 Defensio
1492 1748 1593 1813 etiam
1610 1750 1715 1813 brutis
1733 1751 1783 1813 ius
1801 1759 1852 1813 est

454 1856 632 1921 naturae:⁵
667 1877 732 1920 non
756 1857 911 1939 opinione
935 1858 1038 1932 nobis,
1063 1858 1121 1921 sed
1143 1859 1257 1921 innata
1273 1860 1419 1939 quadarn
1441 1860 1483 1937 ui,
1498 1879 1691 1941 persuasum
1718 1871 1751 1924 et
1773 1881 1851 1925 con-

452 1969 606 2032 stitutum
616 1967 637 2032 ⁰.
685 1967 729 2031 Et
759 1970 978 2032 necessarium
1009 1969 1059 2031 ius
1083 1977 1142 2032 est.
1172 1989 1251 2033 nam
1273 1969 1352 2051 quid
1376 1979 1427 2034 est
1448 1969 1537 2052 quod
1562 1981 1677 2035 contra
1700 1972 1767 2034 uim
1791 1969 1851 2057 (ait

454 2077 583 2165 Cicero)
610 2079 678 2142 fieri
706 2079 776 2143 sine
802 2078 835 2142 ui
861 2076 988 2161 possit?
1035 2078 1111 2143 Hoc
1138 2081 1373 2161 superomnia
1399 2081 1469 2144 iura
1495 2091 1545 2145 est
1572 2081 1850 2162 probatissimum.

453 2191 533 2256 Uim
563 2191 596 2253 ui
628 2189 792 2272 repellere,
818 2209 935 2253 omnes
964 2190 1063 2272 leges,
1088 2198 1122 2253 et
1152 2191 1263 2254 omnia
1289 2191 1360 2253 iura
1389 2192 1615 2273 permittunt⁷.
1671 2192 1746 2256 Lex
1777 2213 1850 2270 una,

451 2311 485 2365 et
516 2311 685 2384 perpetua,
716 2301 857 2364 salutem
892 2302 984 2365 omni
1019 2301 1145 2364 ratione
1180 2300 1388 2366 defendere⁸.
1457 2302 1600 2367 ‘Omnis
1630 2311 1680 2367 est
1709 2302 1850 2367 honesta

450 2414 556 2476 ‘ratio
587 2412 817 2495 expediendae
850 2412 986 2475 salutis:
1021 2411 1083 2475 hoc
1114 2413 1198 2475 ratio
1229 2412 1344 2490 doctis,
1378 2414 1556 2476 necessitas
1592 2414 1747 2492 barbaris,
1777 2435 1849 2478 mos

451 2524 635 2606 ‘gentibus
662 2522 737 2587 feris
765 2531 882 2586 natura
905 2523 977 2605 ipsa
1003 2523 1220 2604 praescripsit.
1267 2523 1314 2586 Et
1340 2523 1421 2588 haec
1443 2544 1509 2587 non
1533 2525 1663 2606 scripta,
1688 2526 1747 2589 sed
1773 2535 1851 2589 nata

449 2635 530 2698 ‘lex
539 2633 570 2700 ⁹.'
617 2633 703 2700 Cum
726 2635 760 2698 id
782 2653 886 2716 genus
904 2634 986 2698 aliis.
1033 2633 1100 2698 Hic
1120 2642 1234 2697 tamen
1257 2634 1300 2696 de
1324 2635 1424 2697 modo
1447 2643 1480 2697 et
1501 2635 1627 2698 ratione
1650 2635 1848 2700 defensionis

451 2767 517 2810 non
551 2746 635 2810 dico.
674 2747 763 2827 quod
797 2747 940 2828 pertinet
970 2746 1013 2809 ad
1044 2755 1220 2827 sequentes
1250 2744 1360 2808 libros.
1414 2745 1482 2807 Res
1512 2747 1613 2808 etiam
1647 2755 1683 2810 ut
1720 2756 1849 2810 nostras

451 2857 677 2936 defendamus,
700 2857 883 2921 necessaria
909 2854 1012 2942 (quod
1038 2867 1072 2922 et
1094 2854 1255 2942 diximus)
1278 2855 1425 2920 defensio
1448 2855 1530 2920 haec
1554 2867 1605 2921 est
1613 2854 1647 2921 ¹⁰.
1693 2857 1739 2921 Et
1762 2859 1849 2923 iusta

449 2968 532 3032 baec
562 2988 669 3046 causa,
694 2969 794 3033 etiam
823 2970 849 3031 si
879 2967 968 3032 bello
994 2968 1089 3050 petiti
1115 2966 1240 3030 bellum
1266 2966 1434 3049 promeriti
1464 2987 1525 3030 nos
1551 2987 1705 3032 essemus.
1752 2967 1848 3051 Quae

449 3079 513 3157 alii,
553 3090 587 3144 et
628 3080 750 3145 Paulus
793 3078 976 3144 Castrensis
1017 3078 1168 3142 docuere.
1228 3077 1344 3159 Atque
1385 3097 1505 3159 sequor
1545 3097 1617 3159 ego.
1673 3077 1719 3141 Et
1756 3079 1847 3143 illam

449 3193 537 3282 addo
575 3193 747 3269 rationem,
777 3176 943 3274 'quoniam
977 3191 1027 3254 ius
1064 3191 1134 3253 siue
1171 3189 1221 3252 uis
1258 3188 1335 3252 belli
1370 3208 1435 3252 non
1470 3187 1582 3252 finitur
1614 3191 1849 3254 consecutione

449 3304 538 3385 prius
569 3303 801 3384 carpentorum,
828 3312 863 3366 at
889 3321 949 3384 pro
974 3301 1108 3366 uictoris
1137 3301 1272 3364 arbitrio
1304 3300 1463 3364 ambulat.
1519 3300 1621 3383 ‘Quis
1650 3302 1847 3365 tantundem

449 3416 647 3476 ‘contentus
669 3432 828 3494 reponere
846 3413 1020 3490 uindictae,
1040 3422 1202 3494 quantum
1224 3413 1352 3493 accepit
1375 3409 1543 3474 iniuriaei'
1566 3412 1613 3475 ait
1630 3410 1848 3493 Augustinus,

450 3533 484 3587 et
499 3524 606 3588 sciunt
621 3542 737 3587 omnes
746 3521 779 3586 1¹.
820 3523 896 3587 Hoc
912 3543 990 3586 uero
1005 3523 1176 3587 arbitrium
1193 3522 1341 3604 refugere
1356 3541 1472 3584 omnes
1488 3542 1554 3586 non
1569 3522 1693 3586 subditi
1708 3533 1847 3604 possunt

449 3635 543 3698 iuste.
589 3633 635 3698 Et
654 3653 733 3716 ergo
751 3654 786 3697 se
804 3634 980 3697 aduersum
998 3635 1098 3697 armis
1116 3633 1302 3698 defendere.
1358 3632 1487 3709 Testes,
1505 3633 1628 3696 iudices
1646 3634 1847 3715 repelluntur

448 3745 593 3809 inimici:
628 3745 690 3808 etsi
723 3764 875 3808 caussam
906 3745 1083 3808 inimicitiis
1112 3745 1265 3808 dederint
1294 3742 1328 3806 hi
1358 3752 1472 3806 contra
1501 3763 1585 3824 quos
1617 3763 1703 3809 nunc
1729 3746 1846 3828 agitur.

448 3857 624 3939 Exceptio,
639 3856 729 3938 quod
748 3856 819 3939 ipse
837 3855 933 3920 fuerit
952 3876 1051 3920 causa
1069 3857 1266 3934 inimicitiae,
1281 3876 1347 3919 non
1368 3855 1479 3918 obstat
1498 3855 1633 3937 petenti,
1648 3857 1755 3920 caueri
1774 3858 1845 3936 sibi,

395 4025 398 4032 .
446 3989 513 4032 non
535 3968 697 4032 offensum
724 3969 762 4031 iri
772 3966 804 4032 ¹².
849 3967 976 4032 ‘Anna
993 3967 1120 4032 tenenti
1143 3969 1256 4030 omnia
1274 3968 1342 4044 dat,
1360 3965 1416 4048 qui
1439 3965 1524 4030 iusta
1548 3965 1686 4049 negat:'
1713 3969 1845 4032 dicebat

448 4078 612 4145 Caesar¹³.
670 4081 742 4144 Nec
765 4080 807 4143 de
831 4082 1054 4144 moderamine
1077 4080 1129 4143 hic
1152 4078 1208 4142 illo
1231 4081 1400 4161 quaeritur
1423 4078 1600 4161 inculpato,
1628 4078 1684 4141 ubi
1710 4100 1770 4143 nec
1794 4090 1845 4144 est

446 4230 655 4238 ..-—-—..-
875 4231 883 4235 -
894 4229 1097 4236 -.—.-.-—-..--
1109 4230 1133 4236 -.
1230 4229 1429 4236 ---.-.----

445 4304 570 4368 ¹Procop.
584 4317 605 4352 1.
619 4301 695 4352 Goth.
706 4315 729 4364 5.
770 4299 845 4351 'Phi
857 4302 888 4351 de
900 4302 966 4351 Prin.
978 4303 1013 4367 (p.
1030 4303 1096 4365 729).
1150 4302 1275 4366 'Procop
1289 4317 1311 4365 3.
1325 4300 1402 4352 Goth.
1411 4315 1451 4366 54.
1494 4300 1843 4365 ‘Clm.§llomicidiu11132.

495 4383 1365 4450 ⁵1.3.deiust.(u.r.1);1.4.ad1e.nq.(D.9.a);Cepncons.
1380 4397 1433 4447 721.
1560 4384 1795 4435 ⁶Cic.2.1nu.rr.

543 4469 552 4497 ⁷
570 4487 591 4520 c.
604 4483 626 4532 3.
637 4470 668 4519 de
680 4481 740 4518 sent.
752 4483 815 4525 exc:
828 4484 848 4518 c.
863 4469 900 4518 18.
911 4468 943 4517 de
954 4466 1072 4517 homicid.
1181 4466 1190 4494 ⁸
1207 4465 1316 4516 Ammia.
1331 4479 1368 4528 ²3·
1484 4465 1495 4495 '
1511 4466 1565 4516 Cic.
1577 4481 1622 4532 pro
1635 4466 1707 4515 Milo.
1719 4467 1743 4517 6.

527 4551 544 4584 ¹⁰
560 4553 641 4604 Castr.
652 4553 669 4602 l.
683 4567 705 4617 5.
717 4552 748 4602 de
759 4554 814 4602 lust.
828 4551 872 4615 (D.
885 4565 905 4600 1.
917 4550 950 4614 ι).
1021 4548 1039 4578 ¹¹
1057 4549 1123 4611 Aug.
1137 4560 1175 4611 19.
1187 4553 1254 4596 cont.
1268 4548 1329 4596 Fau.
1343 4559 1381 4610 25.
1459 4545 1478 4577 ¹¹
1494 4548 1551 4613 Rip.
1564 4548 1615 4599 rub.
1627 4547 1708 4601 deda.
1721 4548 1761 4598 inf.

902 4633 921 4663 ¹³
937 4634 1029 4684 Couar.
1041 4632 1103 4695 Reg.
1115 4630 1255 4689 Peccatum,
1268 4644 1293 4693 p.
1307 4635 1393 4695 2.§9.
