4522 5570
472 787 534 846 124
956 779 1158 833 ALBERICJ
1187 778 1386 832 GENTJLIS

1729 927 1874 935 οψ--ω-

469 1029 542 1082 tum
572 1020 615 1083 ab
645 1021 876 1103 interpretibus
906 1021 986 1085 illud
1016 1042 1149 1104 quoque
1179 1029 1239 1100 est,
1266 1019 1446 1103 proditorie
1478 1040 1555 1084 eum
1585 1041 1691 1102 agere,
1718 1021 1774 1101 qui
1805 1039 1870 1082 non

470 1130 630 1194 indictum
654 1142 765 1197 mouet
787 1132 922 1197 bellum.
968 1132 1013 1197 Et
1032 1134 1078 1197 sic
1098 1133 1203 1196 notati
1226 1133 1282 1214 qui
1303 1141 1480 1196 mouerunt
1501 1152 1567 1196 non
1587 1131 1747 1195 indictum
1757 1129 1778 1194 ¹.
1825 1131 1871 1195 Et

472 1242 581 1307 Uarro
596 1243 629 1305 in
645 1253 763 1326 quarto
778 1244 821 1308 de
836 1244 949 1326 lingua
964 1245 1093 1322 Latina,
1110 1245 1197 1308 iusta
1211 1244 1258 1307 sic
1273 1243 1409 1307 desiisse
1424 1242 1511 1307 bella
1527 1243 1595 1326 geri
1611 1252 1721 1307 aetate
1737 1243 1871 1306 demum

470 1374 538 1430 sua,
563 1375 654 1418 more
683 1355 747 1419 hoc
776 1356 908 1419 sublato
934 1355 1164 1419 denunciandi.
1222 1355 1442 1419 Retinuerunt
1474 1355 1616 1418 Romani
1642 1355 1685 1418 ad
1718 1355 1871 1418 ultimum

470 1487 576 1550 usque
594 1465 657 1530 hoc
675 1467 801 1549 priscae
818 1467 963 1531 iustitiae
984 1476 1017 1532 et
1035 1467 1174 1531 bellicae
1193 1466 1327 1531 rationis
1336 1465 1356 1530 2.
1411 1465 1631 1548 Triumphum
1652 1465 1788 1528 omnino
1806 1485 1872 1529 non

471 1578 700 1658 decernebant,
715 1579 743 1641 si
761 1578 886 1641 bellum
904 1587 963 1642 aut
981 1579 1089 1641 minus
1107 1578 1254 1661 legitime
1273 1578 1433 1642 indictum
1451 1577 1598 1641 fuisset³.
1645 1577 1746 1641 Unde
1766 1576 1874 1639 solen-

471 1688 522 1753 nis
547 1688 689 1753 formula
715 1689 890 1764 indicendi,
913 1700 948 1754 et
971 1691 1181 1772 quaestiones
1204 1690 1288 1765 illae,
1310 1688 1338 1752 si
1360 1689 1441 1752 satis
1463 1688 1555 1767 foret,
1577 1687 1723 1752 nunciati
1749 1688 1873 1750 bellum

471 1801 515 1864 ad
538 1801 680 1882 pn'mum
707 1801 909 1882 praesidium
935 1800 1090 1879 hostium,
1113 1821 1156 1864 an
1179 1799 1324 1864 hostium
1351 1799 1488 1881 principi
1515 1799 1661 1862 nunciari
1687 1808 1873 1881 oporteret:

474 1921 508 1975 et
529 1919 640 1975 utrum
656 1912 769 1994 populi
783 1913 871 1976 iussu
892 1911 1015 1976 bellum
1032 1913 1236 1988 indiceretur,
1256 1932 1298 1975 an
1320 1912 1399 1975 satis
1417 1921 1505 1975 esset
1523 1911 1841 1974 senatusconsultum
1851 1908 1874 1973 ⁴.

474 2021 543 2088 Sed
565 2024 610 2086 ad
633 2041 712 2087 rem.
758 2022 914 2086 Gentium
936 2022 1000 2086 hoc
1022 2023 1072 2089 ius
1094 2023 1141 2086 ait
1158 2021 1330 2086 Alciatus:
1354 2030 1388 2088 et
1407 2022 1520 2104 procul
1539 2023 1640 2086 dublo
1660 2031 1710 2085 est
1732 2031 1769 2085 ut
1792 2021 1874 2084 indi-

473 2141 567 2198 catur
590 2133 724 2210 bellum,
751 2134 778 2197 si
806 2153 983 2198 consensus
1010 2143 1062 2198 tot
1091 2134 1289 2216 populorum
1319 2133 1399 2216 quid
1427 2133 1506 2196 lacit
1536 2135 1579 2197 ad
1606 2134 1873 2197 constituendum

474 2245 524 2310 ius
542 2245 711 2327 gentium:
744 2254 778 2309 et
800 2253 893 2310 tanta
916 2255 967 2310 tot
989 2245 1173 2309 seculorum
1191 2245 1458 2310 doctissimorum
1481 2244 1653 2308 hominum
1676 2244 1875 2326 conspiratio

474 2356 622 2421 ueritatis
644 2377 683 2422 ac
706 2364 843 2421 naturae
860 2378 929 2420 uox
951 2357 1023 2439 ipsa
1046 2377 1119 2421 esse
1140 2357 1272 2420 uidetur
1280 2356 1303 2421 ⁶.
1350 2356 1446 2420 Haec
1468 2355 1533 2419 Dei
1552 2377 1630 2420 uox.
1677 2356 1770 2420 Haec
1791 2357 1875 2420 ratio

473 2467 652 2533 naturalis:
687 2477 725 2532 ut
749 2476 931 2550 antequam
952 2468 1116 2532 hostiliter
1136 2489 1225 2551 agas
1247 2467 1412 2531 amicitiae
1438 2467 1491 2531 uel
1521 2467 1688 2531 communi
1714 2466 1769 2544 illi,
1792 2488 1876 2548 quae

473 2579 560 2643 inter
584 2579 734 2643 homines
760 2588 820 2658 est,
839 2580 1007 2643 renuncies
1034 2580 1169 2644 omnino
1196 2580 1295 2661 prius.
1342 2579 1442 2662 Quod
1466 2578 1493 2641 si
1521 2579 1609 2641 enim
1633 2587 1691 2641 aut
1713 2597 1799 2656 usus,
1817 2587 1876 2641 aut

474 2690 605 2773 priuata
629 2690 775 2754 amicitia
799 2691 1032 2768 intercedebat,
1057 2691 1164 2755 minus
1187 2691 1408 2754 dubitandum
1427 2699 1494 2768 est,
1515 2690 1596 2772 quln
1622 2687 1697 2752 huic
1724 2699 1876 2772 oporteat

475 2803 663 2865 renunciari
710 2802 755 2866 Et
781 2802 814 2866 id
837 2803 1066 2885 exemplisque
1088 2802 1281 2866 adfirmatur
1306 2813 1377 2866 tum
1404 2803 1439 2864 in
1465 2802 1635 2884 proposito
1658 2812 1770 2865 nostro
1793 2802 1876 2884 pub-

476 2912 557 2992 licis,
578 2921 649 2976 tum
674 2913 774 2978 etiam
799 2914 936 2996 priuatis
945 2913 966 2980 θ.
1013 2915 1119 2997 Regie
1143 2914 1281 2979 Carolus
1305 2934 1366 2978 rex
1389 2912 1549 2995 Neapolis
1573 2913 1742 2977 renunciat
1763 2914 1876 2992 amici·

477 3025 559 3090 tiam
590 3023 688 3089 Petro
720 3024 787 3107 regi
818 3023 1077 3088 Tarraconensi:
1113 3026 1173 3089 etsi
1203 3027 1266 3088 iste
1297 3025 1529 3088 testificatione
1554 3025 1672 3106 insigni
1695 3021 1746 3110 (ut
1771 3025 1877 3105 inquit

479 3133 514 3199 P.
537 3133 738 3221 Aemilius⁷)
762 3137 1038 3201 necessitudinem
1061 3137 1196 3220 iuraque
1220 3136 1385 3200 amicitiae
1407 3137 1597 3200 uiolauerat.

523 3245 656 3311 Scilicet
672 3267 738 3310 non
756 3267 841 3328 opus
861 3248 1049 3311 renunciare
1066 3247 1267 3326 amicitiam;
1289 3248 1512 3311 renunciatam
1533 3247 1621 3310 enim
1640 3246 1752 3325 uideri,
1770 3256 1807 3310 ut
1826 3259 1876 3312 est

479 3358 568 3440 apud
588 3357 730 3434 Liuium,
750 3361 849 3422 ‘cum
864 3358 992 3440 legatis,
1009 3360 1108 3424 toties
1125 3360 1350 3442 repetentibus
1369 3381 1429 3436 res,
1445 3379 1504 3422 nec
1522 3359 1624 3435 reddi,
1641 3377 1700 3421 nec
1718 3358 1877 3438 satisfieri,

480 3472 644 3551 ‘aequum
668 3468 872 3533 censuissent
880 3467 915 3534 ⁸.'
961 3471 1087 3534 Rursus
1104 3471 1213 3535 sinon
1232 3480 1283 3535 est
1305 3470 1430 3533 bellum
1453 3469 1656 3534 clandestina
1678 3470 1783 3551 magis
1799 3490 1877 3534 con-

480 3582 585 3645 tentio
603 3601 703 3664 quam
724 3581 893 3645 contentio
911 3581 1059 3664 legitima
1074 3581 1136 3646 fori
1152 3591 1210 3662 est,
1228 3592 1262 3646 et
1276 3582 1483 3657 iudiciorum,
1499 3580 1580 3645 haec
1599 3580 1742 3663 primum
1761 3581 1878 3663 petitio

480 3701 514 3756 et
526 3693 735 3757 denunciatio
747 3692 816 3757 fieri
831 3693 952 3759 debet:
973 3703 1011 3758 ut
1029 3694 1062 3757 in
1078 3695 1137 3758 lite
1151 3695 1277 3758 inerma
1289 3693 1334 3758 fit.
1366 3692 1512 3757 Petimus
1528 3693 1666 3756 ciuiliter
1677 3693 1766 3776 prius
1778 3712 1879 3774 quam

479 3806 523 3868 ad
546 3805 702 3869 iudicium
724 3825 846 3881 eamus,
863 3807 953 3888 quod
975 3816 1033 3870 aut
1056 3806 1152 3870 nobis
1174 3806 1321 3884 debetur,
1339 3815 1396 3869 aut
1420 3812 1471 3868 est
1493 3812 1641 3868 nostrum
1650 3805 1672 3870 ⁹.
1716 3804 1881 3887 Quamuis

480 3916 596 3981 fideret
625 3916 761 3981 Aeneas
791 3916 876 3996 fatie,
906 3925 1018 3981 tamen
1050 3917 1265 3981 humanitatis
1303 3916 1447 3980 officium
1484 3915 1614 3997 putauit
1644 3915 1687 3978 ad
1721 3915 1880 3980 Latinum

480 4028 607 4111 legatos
629 4029 769 4108 mittere,
788 4049 829 4092 ne
851 4030 895 4094 ob
917 4030 1107 4113 superbiam
1127 4028 1252 4093 alienos
1272 4027 1353 4092 fines
1376 4028 1531 4091 inuadere
1552 4027 1719 4090 uideretur
1727 4026 1760 4091 ¹⁰.
1806 4027 1882 4092 Etsi

480 4161 541 4204 nec
567 4148 762 4223 exspectato
793 4161 950 4224 responso
981 4143 1096 4206 urbem
1128 4142 1302 4224 designat:
1340 4140 1417 4222 quia
1446 4139 1589 4202 iussibus
1622 4138 1712 4202 Iouis
1745 4140 1881 4204 omnino

481 4262 551 4316 erat
580 4253 833 4316 auscultandum
863 4263 897 4317 et
926 4251 1002 4316 latis
1032 4251 1212 4316 fidendum.
1267 4250 1312 4314 Et
1342 4252 1370 4314 si
1399 4251 1488 4315 bono
1523 4251 1593 4314 uiro
1611 4313 1612 4316 ,
1627 4269 1693 4313 non
1726 4251 1882 4316 conuenit

547 4445 554 4474 ¹
573 4445 646 4494 Paus.
658 4460 687 4508 43
705 4445 761 4494 Nic.
775 4444 838 4495 Call.
850 4444 894 4494 lib.
910 4459 929 4506 7.
942 4459 963 4493 c.
979 4443 1016 4492 16.
1124 4442 1134 4470 ¹
1150 4442 1239 4507 Polyb.
1250 4444 1295 4493 lib.
1309 4457 1346 4508 13.
1358 4461 1379 4496 e.
1393 4459 1416 4507 3.
1514 4445 1524 4474 ⁸
1541 4443 1609 4509 Sigo.
1621 4445 1651 4494 de
1664 4448 1713 4495 An.
1725 4445 1763 4495 Iu.
1776 4445 1816 4493 Pr.

496 4527 753 4592 ⁴Liu.1.4.31.36.
819 4527 901 4577 ‘Alc
915 4541 953 4590 14.
965 4526 1041 4576 deSi.
1054 4526 1110 4576 Cer.
1181 4525 1262 4576 ‘Llu.
1275 4527 1313 4589 36.
1326 4543 1356 4591 4²
1366 4546 1373 4585 ;
1392 4527 1491 4590 Val.4;
1509 4527 1571 4578 Tac.
1584 4528 1694 4585 Ann.6;
1712 4527 1778 4578 Suet.
1791 4527 1872 4592 Calig.

555 4609 566 4641 ἵ
582 4611 609 4660 P.
622 4611 695 4660 Aem.
707 4610 752 4662 lib.
767 4621 787 4674 7.
877 4611 887 4639 ³
902 4610 958 4660 Liu.
969 4610 1013 4660 lib.
1028 4609 1066 4672 36.
1080 4626 1100 4660 c.
1114 4624 1137 4673 3.
1229 4609 1239 4639 ⁹
1255 4609 1309 4659 Bal.
1320 4609 1338 4659 1.
1353 4623 1390 4661 η.
1403 4609 1434 4660 de
1446 4610 1518 4661 serui.
1531 4611 1586 4660 urb.
1598 4609 1673 4673 praed
1687 4610 1732 4673 (D.
1745 4611 1768 4659 8.
1784 4612 1817 4672 a).

1039 4692 1058 4722 ¹⁰
1074 4692 1168 4742 Donat.
1181 4693 1283 4743 Aeneid.
