4498 5566
431 731 471 790 24
920 717 1121 772 ALBERICI
1145 709 1348 772 'GENTILIS

429 983 465 1026 se
495 961 624 1038 serunt3
659 953 695 1024 ¹et
726 962 948 1042 Imperatores,
980 969 1012 1023 et
1043 958 1189 1042 legiones
1219 957 1375 1021 aduersas
1405 943 1586 1039 excipiunt.
1634 955 1695 1018 llle
1724 954 1831 1019 hostis

430 1083 488 1150 est,
511 1065 568 1155 qui
592 1061 693 1136 habet
720 1063 966 1152 rempublicam,
990 1059 1313 1148 curiam,'aerarium,
1337 1088 1532 1132 consensum
1560 1075 1593 1130 et
1619 1055 1828 1130 concordiam

430 1173 559 1260 ciuium,
579 1191 612 1246 et
632 1182 792 1245 rationem
812 1181 964 1264 aliquam,
982 1182 1008 1244 si
1028 1202 1079 1245 res
1097 1181 1144 1246 ita
1162 1179 1282 1259 tulerit,
1299 1167 1398 1262 pacis¹
1415 1187 1448 1242 et
1472 1167 1619 1242 foederis.
1659 1165 1697 1241 ut
1716 1187 1829 1242 contra

431 1285 713 1368 Antonios'haec,
740 1292 842 1356 ueluti
869 1301 984 1356 contra
1011 1291 1163 1370 latrones,
1188 1289 1304 1354 Cicero
1331 1290 1514 1354 disserebat
1539 1291 1708 1352 uerissime
1718 1287 1739 1353 ¹.
1784 1289 1831 1352 Et

431 1403 568 1468 Carolus
597 1402 768 1465 Marcellus
795 1401 837 1465 de
866 1402 1046 1480 Saracenis,
1075 1423 1132 1466 eos
1159 1422 1226 1466 non
1253 1393 1373 1465 idcirco
1399 1401 1507 1464 minus
1534 1421 1604 1464 esse
1636 1401 1829 1482 praedones,

430 1513 519 1595 quod
543 1513 666 1595 Ingenti
691 1532 828 1575 numero
847 1507 1052 1594 uagarentur,
1076 1515 1251 1594 ducesque,
1275 1521 1309 1576 et
1335 1499 1450 1590 castra,
1474 1521 1508 1576 et
1535 1499 1628 1594 signa
1650 1497 1830 1590 haberent;

431 1642 506 1686 cum
526 1644 590 1686 non
610 1619 770 1686 haberent
788 1617 866 1686 belli
886 1643 1036 1687 caussam
1047 1622 1068 1688 ².
1113 1615 1225 1688 ‘Facit
1242 1622 1364 1704 ubique
1382 1624 1493 1686 omnia
1515 1643 1630 1686 caussa
1640 1610 1687 1685 ³.''
1715 1621 1832 1704 Atque

431 1735 474 1798 de
498 1734 562 1797 illis
588 1735 682 1816 uagis
709 1733 882 1798 Saracenis
906 1729 952 1799 sic
977 1757 1108 1818 quoque
1135 1737 1288 1799 doctores
1312 1735 1413 1798 nostri
1423 1732 1445 1798 ⁴.
1496 1734 1579 1797 Belli
1607 1755 1741 1812 morem,
1765 1755 1830 1797 non

430 1845 686 1922 latrociniorum,
704 1846 795 1926 sequi
819 1846 945 1927 piratae
967 1837 1125 1928 possunt:
1152 1855 1189 1909 ut
1213 1844 1403 1909 Paterculus
1426 1846 1469 1909 de
1483 1833 1555 1907 ¹illis
1579 1833 1699 1922 scribit,
1718 1851 1831 1909 co'ntra

431 1977 516 2039 quos
534 1956 701 2037 profectus
722 1956 916 2038 Pompeius:
939 1959 997 2020 sed
1016 1949 1146 2020 bellum
1159 1967 1271 2020 tamen
1295 1976 1361 2019 non
1377 1946 1505 2038 gerunt.
1551 1944 1629 2018 Non
1645 1956 1690 2019 illi
1706 1957 1832 2039 piratae

432 2067 557 2132 bellum
580 2087 711 2150 gessere
734 2068 809 2131 iusti
833 2067 965 2132 hostes:
1001 2064 1062 2132 etsi
1085 2070 1260 2132 aduersum
1283 2088 1340 2131 eos
1363 2068 1539 2149 Pompeius
1564 2088 1639 2131 cum
1666 2077 1831 2149 potestate

433 2176 695 2257 insolentissima,
711 2188 744 2242 et
767 2174 848 2243 curn¹
858 2188 1017 2262 apparatu
1040 2181 1215 2262 plusquam
1239 2178 1364 2242 solenni
1389 2179 1507 2241 missus
1530 2187 1589 2241 est.
1636 2178 1728 2242 Fecit
1743 2180 1830 2242 enim

432 2288 504 2356 ista
518 2290 652 2373 periculi
677 2292 877 2374 magnitudo.
936 2292 981 2354 Et
1008 2292 1203 2374 magnitudo
1230 2290 1346 2354 eadem
1374 2289 1494 2367 lecerit,
1521 2309 1588 2354 non
1616 2275 1831 2354 Mithridatici

432 2404 533 2467 modo
551 2402 637 2478 belli,
654 2404 711 2466 sed
728 2411 761 2467 et
784 2394 881 2465 huius
895 2402 1032 2484 piratici,
1048 2403 1127 2466 item
1151 2411 1185 2465 et
1209 2391 1387 2465 Sertoriani
1411 2399 1586 2482 triumphis
1608 2400 1712 2463 tribus
1721 2379 1832 2484 ¹(quod

432 2514 553 2579 alicubi
580 2513 720 2596 legimus
730 2511 757 2600 5)
780 2513 974 2596 Pompeium
1005 2508 1196 2594 fulgentem.
1242 2512 1330 2574 Nam
1358 2510 1499 2594 populus
1528 2511 1699 2576 Romanus
1726 2531 1834 2592 neque

434 2625 593 2708 Spartaci,
614 2646 721 2708 neque
745 2624 845 2702 Crixi,
866 2626 924 2688 sed
950 2645 1057 2707 neque
1080 2617 1337 2707 proscriptorum
1360 2623 1481 2686 ciuium
1505 2621 1651 2701 Sertorii,
1674 2632 1732 2687 aut
1756 2622 1833 2685 Per·

434 2752 563 2818 pennae
585 2729 692 2799 ciuilia
713 2736 801 2799 bella
820 2756 964 2818 unquam
987 2727 1148 2800 uocauitfl.
1204 2735 1249 2797 Et
1272 2735 1461 2798 ouationem
1485 2734 1663 2812 deserebat,
1688 2718 1753 2798 non
1776 2733 1833 2798 tri-

435 2846 594 2930 umphum
617 2847 677 2924 his,
693 2847 747 2928 qui
771 2867 837 2910 non
860 2867 935 2910 curn
960 2847 1051 2909 iustis
1074 2845 1232 2923 hostibus,
1251 2836 1309 2909 sed
1333 2864 1407 2908 cum
1431 2846 1552 2927 piratis,
1569 2856 1602 2910 et
1626 2867 1699 2911 cum
1723 2845 1832 2924 seruis,

434 2958 637 3022 slmilibusue
663 2977 731 3020 rem
757 2959 979 3040 peregissent:
1010 2949 1148 3041 quorum
1171 2966 1229 3020 aut
1254 2955 1399 3020 hostium
1426 2956 1551 3021 humile
1578 2977 1698 3021 nornen
1726 2943 1832 3019 uisum

434 3070 536 3134 erat⁷.
582 3067 715 3134 Scilicet
730 3067 834 3132 hostis
854 3089 974 3132 nornen
994 3078 1087 3133 notat
1105 3069 1352 3151 aequalitatem.
1397 3068 1497 3152 Quod
1514 3070 1584 3144 etsi,
1600 3070 1680 3132 item
1696 3077 1730 3132 et
1744 3068 1831 3144 belli,

434 3182 694 3246 communicetur
715 3180 894 3262 aliquando
916 3190 950 3244 et
973 3201 1048 3245 cum
1073 3200 1138 3244 non
1162 3179 1363 3262 aequalibus
1387 3199 1461 3244 cum
1488 3178 1611 3261 piratis,
1634 3179 1832 3262 proscriptis,

434 3292 675 3358 delectoribus:
705 3300 743 3357 ut
764 3292 929 3374 generalia
952 3301 1028 3355 sunt
1051 3293 1192 3369 nomina,
1211 3301 1245 3355 et
1267 3291 1465 3373 pertinentia
1487 3291 1530 3355 ad
1553 3291 1664 3373 plures
1687 3292 1831 3374 species:

435 3412 629 3467 nontamen
644 3403 694 3466 ius
709 3403 807 3464 tribui
827 3402 983 3479 hostium,
1000 3403 1055 3485 qui
1072 3402 1202 3485 proprie
1217 3403 1378 3477 dicuntur,
1395 3403 1474 3464 item
1491 3402 1540 3465 ius
1555 3402 1716 3465 bellorum
1733 3403 1835 3465 iusto·

435 3535 507 3578 rum
528 3514 617 3578 ualet
626 3511 649 3579 ⁸.
694 3513 783 3577 Nam
802 3514 881 3596 quid
901 3505 1084 3597 respondeo
1102 3515 1145 3578 de
1160 3515 1322 3590 omnibus,
1339 3513 1394 3594 qui
1412 3533 1531 3576 nomen
1554 3514 1615 3576 sibi
1637 3511 1834 3577 demutant?

436 3626 547 3690 Nemo
570 3625 631 3688 sibi
654 3644 787 3689 causam
810 3626 1025 3707 possessionis
1050 3625 1186 3690 mutatl.
1232 3625 1342 3688 Nemo
1364 3625 1410 3688 sic
1434 3633 1540 3688 mutat
1564 3645 1694 3703 nomen,
1710 3634 1744 3688 et
1760 3644 1833 3688 cum

436 3739 569 3802 nomine
591 3757 660 3800 rem
669 3734 703 3800 ¹⁰.
750 3735 817 3800 Sed
840 3738 920 3820 quid
941 3738 1101 3800 sentimus
1124 3756 1182 3799 nos
1207 3736 1250 3799 de
1271 3736 1322 3799 his
1342 3734 1455 3813 Gallis,
1478 3737 1533 3818 qui
1555 3737 1642 3817 capti
1666 3746 1834 3818 postremo

434 3850 524 3915 bello
540 3841 731 3912 Lusitanico
746 3848 789 3912 ab
806 3848 974 3931 Hispanis,
987 3858 1020 3912 et
1035 3848 1167 3913 tractati
1183 3858 1260 3911 sunt
1276 3868 1341 3910 non
1357 3848 1450 3930 quasi
1466 3848 1541 3910 iusti
1557 3845 1691 3910 hostes?
1733 3846 1833 3910 Trac-

435 3963 496 4026 tati
519 3970 596 4026 sunt
617 3958 711 4042 quasi
734 3959 878 4042 piratae:
903 3961 958 4044 qui
981 3960 1132 4026 Antonio
1156 3961 1342 4038 militarent,
1365 3959 1462 4042 pulso
1484 3959 1550 4022 iam
1573 3960 1616 4022 de
1638 3979 1739 4042 regno
1763 3959 1834 4020 uni-

435 4093 538 4150 uers0,
555 4081 588 4136 et
609 4071 641 4134 in
660 4083 771 4154 regem
790 4073 904 4154 agnito
922 4072 964 4136 ab
982 4073 1141 4156 Hispanis
1165 4091 1354 4154 numquam.
1399 4069 1449 4133 At
1473 4071 1544 4153 ipsa
1565 4071 1701 4133 historia
1723 4069 1833 4146 uincit,

435 4196 493 4239 eos
515 4194 582 4239 non
604 4175 704 4239 luisse
725 4175 848 4257 piratas
858 4175 899 4236 ¹¹:
927 4194 993 4240 non
1017 4179 1091 4240 dico
1110 4195 1170 4258 per
1180 4184 1412 4258 argumentum
1436 4175 1572 4238 ductum
1595 4194 1615 4235 a
1638 4194 1783 4251 numero,
1800 4180 1834 4235 et

535 4343 542 4372 ¹
561 4343 642 4407 4Cic.
654 4342 708 4393 Phi.
720 4359 741 4395 c.
754 4343 776 4395 6.
920 4343 930 4372 ¹
946 4345 974 4394 P.
986 4344 1085 4408 Aemyl.
1101 4359 1121 4392 2.
1135 4343 1223 4393 Franc.
1237 4347 1274 4410 (p.
1286 4342 1340 4407 40).
1482 4341 1492 4371 ³
1509 4342 1588 4408 Ceph.
1600 4358 1668 4393 cons.
1680 4341 1736 4394 620.

602 4425 612 4456 ⁴
628 4423 685 4475 Alc.
695 4426 727 4475 de
738 4425 789 4476 Sin.
801 4427 858 4478 Cer.
871 4440 917 4488 44:
934 4425 1025 4476 Covar.
1037 4441 1087 4490 reg.
1100 4432 1228 4490 peccatum
1243 4431 1255 4485 ξ
1271 4439 1310 4475 11.
1407 4425 1417 4455 ⁵
1434 4423 1520 4491 Vopis.
1532 4426 1603 4491 prob.
1615 4440 1636 4475 c.
1650 4437 1672 4476 a.

660 4508 882 4558 ⁸...2.
981 4506 1360 4566 ⁷.'...;'..
1447 4543 1611 4557 ..ι

602 4588 613 4617 ⁸
630 4508 822 4654 Hot.0illlsq.⁵7.c
844 4522 856 4555 ²
1007 4506 1130 4652 ljluslll'e
1142 4521 1198 4654 idq.
1209 4506 1446 4654 {osilllhhllenlll
1463 4509 1619 4641 ghrllltdo
1631 4592 1679 4642 loc.
1772 4569 1775 4576 Δ

765 4669 784 4700 ¹⁰
800 4671 831 4724 C.
842 4671 873 4720 de
887 4686 938 4721 mu.
949 4685 990 4720 no.
1003 4672 1039 4736 (9.
1053 4672 1105 4736 25).
1280 4671 1297 4701 ¹¹
1315 4673 1416 4722 Conest.
1427 4673 1470 4724 lib.
1483 4689 1507 4737 9.
