4498 5566
732 730 792 783 DE
821 723 924 784 IURE
953 729 1087 796 BELLI,
1118 729 1197 782 LIB.
1223 729 1246 795 l,
1276 729 1363 784 CAP.
1391 729 1438 784 VJ.
1745 735 1785 801 29

388 971 605 1037 Chananaeos
633 985 817 1038 mouerunt.
863 975 909 1038 Et
931 973 1017 1038 iuste
1041 974 1232 1040 Chananaei
1256 995 1388 1057 quoque
1411 974 1615 1056 repellebant
1637 973 1787 1051 Iudaeos,

386 1083 489 1165 ignari
514 1085 603 1149 uocis
627 1085 768 1159 diuinae,
793 1095 885 1150 etse
908 1086 1133 1150 defendentes.
1190 1086 1235 1148 Et
1258 1086 1304 1150 sic
1328 1088 1493 1168 sapienter
1515 1086 1591 1148 Pius
1615 1085 1788 1150 Secundus

385 1195 428 1258 ad
455 1194 584 1277 legatos
611 1195 797 1279 Hungaros,
821 1197 876 1279 qui
907 1205 1022 1261 contra
1050 1197 1287 1279 Imperatorem
1318 1196 1543 1279 loquebantur,
1566 1197 1715 1260 arbitrari
1742 1217 1786 1273 se,

384 1326 450 1369 non
477 1307 647 1370 discedere
672 1307 801 1389 Regem
831 1307 1023 1389 Hungariae
1050 1306 1092 1370 ab
1119 1306 1279 1371 honesto:
1311 1315 1344 1372 et
1371 1327 1467 1371 nosse
1493 1309 1617 1386 itidem,
1640 1309 1787 1391 Impera-

384 1427 491 1481 torem
519 1418 594 1482 iusti
621 1427 812 1482 amantem:
848 1426 885 1481 ut
908 1429 945 1482 ut
968 1419 1010 1482 de
1033 1439 1135 1502 regno
1155 1418 1395 1494 dissentientes,
1420 1439 1497 1482 nam
1518 1428 1634 1501 putare
1656 1420 1786 1483 illorum

384 1538 547 1604 neutrum,
571 1549 722 1594 caussam
747 1551 783 1594 se
805 1530 959 1594 iniustam
982 1529 1104 1594 habere
1116 1529 1138 1593 ¹.
1198 1530 1294 1594 Haec
1318 1539 1435 1594 natura
1456 1528 1627 1604 bellorum,
1652 1540 1688 1593 ut
1711 1551 1788 1613 pars

385 1650 526 1723 utraque
549 1642 755 1724 praetendat,
778 1663 814 1706 se
836 1642 948 1706 fouere
971 1642 1092 1707 iustam
1115 1663 1265 1707 caussam
1276 1641 1298 1706 ².
1346 1642 1420 1706 Hoc
1443 1641 1638 1724 generaliter
1658 1643 1693 1704 in
1716 1662 1788 1705 om-

386 1752 481 1815 nibus
504 1752 571 1815 lere
592 1753 733 1817 statibus
760 1754 1054 1818 controuersiamm
1080 1753 1147 1816 fieri
1171 1751 1268 1827 ualet,
1290 1762 1327 1817 ut
1350 1761 1466 1817 neutra
1488 1753 1688 1834 litigantium
1712 1773 1787 1835 pars

386 1864 429 1927 sit
452 1863 603 1946 improba
612 1863 633 1928 ³.
680 1864 817 1947 Excipit
833 1863 1035 1929 Aristoteles
1055 1866 1171 1940 solum,
1188 1886 1289 1946 quum
1311 1865 1485 1947 quaeritur,
1501 1869 1559 1928 ‘an
1578 1864 1702 1928 sactum
1724 1863 1786 1927 sit.'

385 1975 432 2037 Et
447 1996 526 2038 uero
544 1975 577 2068 in
593 1975 681 2039 sacto
696 1977 828 2059 proprio
845 1997 905 2040 nec
922 1977 1041 2040 nostris
1056 1976 1186 2058 probari
1203 1977 1388 2057 ignorantia
1403 1976 1496 2040 solet.
1543 1975 1611 2040 Sed
1630 1976 1663 2038 in
1679 1974 1787 2039 alieno

384 2085 473 2150 facto
489 2094 550 2162 est,
565 2088 654 2168 quod
674 2086 708 2150 in
723 2087 795 2150 aliis
814 2097 864 2150 est
885 2087 1034 2151 statibus.
1083 2086 1159 2151 Huc
1174 2088 1280 2168 adigit
1300 2108 1360 2151 nos
1380 2087 1543 2151 humanae
1560 2095 1691 2150 nostrae
1709 2106 1787 2150 con-

386 2197 519 2262 ditionis
535 2196 725 2262 infirmitas:
749 2218 923 2280 perquam
939 2207 1016 2262 sunt
1032 2197 1127 2261 nobis
1147 2198 1180 2261 in
1201 2198 1344 2262 tenebris
1366 2200 1497 2262 omnia:
1521 2209 1554 2263 et
1576 2197 1785 2280 purissimum

385 2307 474 2382 illud,
502 2317 603 2390 atque
629 2309 834 2371 uerissimum
861 2310 984 2373 iustum
1014 2309 1190 2391 ignoratur,
1213 2312 1302 2391 quod
1331 2330 1395 2373 non
1423 2309 1520 2373 ferret
1547 2309 1631 2373 duos
1658 2310 1786 2392 litigare

385 2420 479 2483 iuste.
535 2418 603 2484 Cur
625 2420 713 2482 enim
737 2415 857 2504 (inquit
879 2418 933 2482 hic
956 2419 1128 2483 Maximus
1154 2418 1289 2504 Tyrius)
1312 2421 1368 2503 qul
1392 2419 1609 2501 aequabiliter
1631 2421 1786 2498 sentiunt,

385 2530 559 2614 digladiari
582 2531 724 2594 inuicem
743 2529 937 2613 oporteat⁴?
982 2531 1026 2594 Et
1049 2551 1124 2594 uere
1147 2531 1199 2593 uel
1219 2530 1329 2596 iniusti
1352 2540 1511 2615 pugnant,
1528 2531 1580 2595 uel
1599 2552 1675 2597 cum
1693 2532 1787 2596 iustis

385 2643 504 2707 iniusti.
550 2641 619 2706 Sed
636 2663 709 2706 eam
725 2643 900 2708 ueritatem
919 2663 979 2706 nos
998 2643 1193 2726 plerumque
1209 2643 1407 2725 ignoramus
1453 2643 1509 2708 Sic
1527 2664 1604 2726 ergo
1621 2644 1788 2726 sequimur

385 2755 508 2819 iustum
541 2754 693 2819 hominis.
750 2754 806 2819 Sic
845 2756 941 2819 Baldi
979 2756 1101 2820 uitatur
1136 2765 1368 2839 argumentum
1405 2755 1667 2834 contradicentis,
1698 2757 1786 2839 quod

384 2866 509 2931 bellum
529 2887 606 2931 cum
626 2868 669 2931 sit
690 2867 935 2946 contrariorum,
952 2887 1084 2933 necesse
1108 2868 1210 2932 etiam
1231 2868 1283 2947 sit,
1300 2876 1336 2931 ut
1352 2867 1454 2931 altera
1469 2887 1546 2950 pars
1561 2867 1673 2931 foueat
1688 2867 1788 2931 inius-

385 2979 493 3042 titiam
504 2978 525 3042 ὅ.
572 2979 617 3042 Et
637 2999 715 3061 ergo
735 2980 781 3042 sic
803 2979 949 3056 dicimus,
966 2981 1099 3060 quodsi
1116 2988 1245 3043 constet
1260 2979 1385 3061 absque
1401 2978 1562 3061 probabili
1578 2978 1645 3042 ulla
1661 2981 1786 3043 ratione

383 3091 528 3173 aliquam
544 3090 688 3172 partium
708 3091 867 3166 reluctari,
885 3112 959 3154 eam
978 3101 1065 3155 certe
1081 3111 1179 3174 agere
1195 3090 1373 3167 latrocinia,
1390 3110 1455 3154 non
1471 3089 1558 3153 bella
1573 3111 1694 3173 gerere.
1741 3091 1786 3154 Et

385 3203 418 3266 id
435 3202 579 3266 latentur
595 3201 712 3265 merito
727 3222 851 3266 omnes.
889 3203 934 3266 Et
950 3202 993 3265 ab
1009 3223 1049 3266 ea
1063 3202 1230 3266 iustificari
1246 3202 1352 3284 magis
1368 3221 1516 3265 caussam
1533 3201 1666 3265 alterius
1681 3201 1787 3266 iustae

385 3314 496 3396 partis,
523 3312 729 3377 uerissimum
761 3324 820 3377 est.
876 3313 1057 3396 ‘Iniquitas
1083 3314 1186 3397 partis
1213 3313 1372 3377 aduersae
1401 3313 1488 3377 iusta
1518 3312 1606 3376 bella
1635 3311 1788 3396 ingerit:'

385 3425 498 3489 scribit
512 3424 729 3507 Augustinus.
774 3425 838 3489 ‘Et
854 3425 1008 3507 iniquitas
1026 3425 1134 3489 aliena
1152 3421 1312 3502 faciebat‚'
1328 3421 1431 3508 (quod
1453 3425 1495 3488 de
1517 3425 1678 3490 Romanis
1699 3428 1787 3490 idem

386 3535 493 3621 notat)
510 3541 564 3601 ‘ut
579 3546 675 3615 esset,
690 3556 764 3600 curn
781 3537 900 3618 quibus
916 3537 1001 3601 iusta
1016 3537 1102 3600 bella
1117 3546 1307 3619 gererentur
1316 3537 1345 3602 ⁶!
1377 3536 1428 3600 At
1443 3557 1522 3600 uero
1540 3537 1566 3600 si
1583 3538 1721 3602 dubium
1737 3538 1788 3615 sit,

385 3669 406 3710 a
422 3669 487 3730 qua
505 3659 599 3730 parte
617 3657 684 3712 stet
703 3648 833 3726 iustitia,
848 3647 935 3712 hanc
953 3649 980 3712 si
997 3657 1030 3711 et
1045 3657 1184 3730 utraque
1199 3648 1326 3730 quaerit
1344 3669 1429 3730 pars,
1445 3648 1566 3712 iniusta
1582 3669 1654 3712 esse
1672 3657 1788 3712 neutra

386 3767 503 3840 potest.
565 3758 620 3823 Sic
643 3759 714 3841 ipse
736 3758 869 3836 Baldus‚
889 3759 1010 3822 iustum
1034 3779 1105 3821 esse
1127 3757 1252 3821 bellum
1276 3758 1361 3821 inter
1384 3779 1486 3840 reges,
1510 3759 1589 3822 dum
1612 3759 1687 3822 hinc
1710 3759 1788 3822 inde

385 3871 429 3934 de
446 3871 609 3932 seruanda
631 3869 812 3946 maiestate,
832 3869 1020 3949 iustitiaque
1041 3867 1252 3930 contenditur
1260 3868 1281 3930 ⁷.
1329 3867 1427 3944 Iuste,
1446 3869 1508 3932 hoc
1527 3877 1586 3947 est,
1605 3890 1649 3932 ex
1668 3868 1788 3950 proba-

385 3981 443 4045 bili
466 4000 590 4057 caussa,
608 3978 777 4060 litigantes
796 4001 856 4062 per
877 3979 938 4042 sori
961 3977 1227 4059 disceptationes
1245 3978 1316 4040 siue
1338 3979 1383 4040 rei
1406 3980 1475 4042 siue
1497 3989 1633 4057 actores,
1653 3988 1686 4042 et
1709 3980 1787 4043 uicti

385 4091 444 4157 lite
466 4101 568 4173 atque
594 4091 766 4168 sententia,
793 4111 859 4154 non
880 4091 1142 4154 condemnantur
1164 4087 1343 4151 iniustitiae
1352 4085 1374 4150 ⁸.
1431 4089 1476 4152 Et
1499 4091 1652 4172 utrinque
1675 4101 1786 4155 tamen

419 4425 427 4456 ¹
446 4427 518 4476 Com.
532 4424 577 4474 Pii.
590 4439 613 4475 2.
624 4424 668 4475 lib.
682 4439 704 4487 3.
787 4425 797 4454 ²
813 4427 869 4477 Alc
883 4425 906 4477 8.
919 4442 986 4476 cons.
998 4439 1038 4491 93.
1121 4426 1131 4456 ⁸
1149 4426 1226 4476 Arist.
1239 4439 1262 4487 3.
1274 4425 1322 4476 Rh.
1335 4442 1356 4476 e.
1370 4439 1409 4490 15.
1492 4428 1501 4458 ⁴
1518 4425 1586 4476 Max.
1598 4427 1644 4490 Ty.
1657 4443 1702 4476 ser.
1717 4441 1755 4488 14·

517 4507 527 4535 ⁵
544 4507 598 4560 Bal.
610 4508 626 4560 l.
640 4521 662 4572 5.
674 4508 705 4558 de
717 4508 773 4560 lust.
786 4509 832 4574 (D.
846 4523 867 4558 1.
882 4511 916 4572 1).
1189 4509 1199 4537 ⁸
1215 4510 1282 4574 Aug.
1293 4510 1324 4558 de
1337 4509 1392 4560 Ciu.
1405 4525 1422 4573 4
1433 4527 1454 4559 c.
1469 4523 1498 4573 15
1511 4517 1535 4560 et
1549 4524 1587 4575 19.
1599 4525 1620 4559 c.
1634 4517 1656 4572 7.

418 4589 428 4618 ¹
446 4591 499 4640 Bal.
514 4605 534 4640 2.
547 4606 615 4642 cons.
630 4593 685 4656 358.
998 4590 1008 4621 ⁸
1025 4593 1086 4643 Dec.
1098 4592 1115 4642 l.
1128 4608 1167 4656 42.
1180 4593 1210 4644 de
1223 4607 1272 4657 reg.
1285 4592 1317 4642 lu.
1331 4592 1377 4654 (D.
1388 4605 1426 4655 50.
1442 4593 1496 4655 17);
1515 4592 1568 4642 Bul.
1583 4605 1605 4654 5.
1617 4607 1685 4642 cons.
1700 4607 1754 4656 299.
