4522 5570
468 627 580 636 -α

358 762 359 766 ,
470 735 513 798 94
958 725 1159 779 ALBERICI
1187 727 1387 781 GENTJLIS

471 975 584 1046 mouit,
608 971 684 1053 quia
707 969 808 1033 filiam
832 969 916 1050 regis
936 991 1048 1032 eorum
1068 971 1194 1052 nequiit
1217 971 1392 1054 impetrare
1415 991 1554 1034 uxorem
1565 969 1586 1031 ¹.
1633 971 1705 1035 Nec
1728 973 1815 1035 enim
1832 973 1870 1037 fit

471 1086 586 1150 iniuria
613 1084 667 1162 illi,
691 1083 740 1145 cui
767 1081 890 1164 aliquid
918 1102 984 1144 non
1009 1083 1114 1160 datur,
1138 1084 1195 1145 sed
1221 1085 1272 1146 cui
1297 1103 1392 1146 suum
1419 1093 1477 1146 aut
1502 1083 1652 1146 debitum
1677 1083 1868 1165 denegatur.

472 1198 562 1262 Belle
585 1197 724 1277 scriptor
745 1194 899 1257 historiae
922 1193 1015 1257 Darii
1037 1195 1140 1272 huius,
1160 1193 1268 1258 ‘malo
1290 1196 1424 1277 publico
1444 1195 1685 1269 uerecundiam,
1705 1204 1738 1259 et
1761 1196 1870 1260 libidi-

471 1317 572 1374 ‘nem
595 1327 688 1371 suam
712 1307 838 1369 studuit
853 1303 1039 1369 uindicare.'
1085 1307 1240 1370 Ceterum
1261 1310 1303 1371 ad
1329 1309 1513 1371 mercedem
1535 1309 1625 1390 quod
1646 1309 1776 1385 attinet,
1794 1307 1869 1371 Bal-

470 1425 532 1487 dus
563 1421 683 1498 scribit,
706 1419 813 1482 inferri
842 1419 967 1482 bellum
994 1439 1090 1500 posse
1119 1421 1163 1482 ob
1188 1421 1337 1483 debitum
1370 1422 1594 1503 pecuniarium
1622 1442 1688 1484 non
1715 1422 1868 1486 solutum.

470 1534 592 1598 scilicet
616 1534 705 1615 quod
730 1531 868 1595 ciuiliter
892 1531 959 1594 fieri
986 1531 1109 1613 nequit,
1133 1532 1166 1595 id
1187 1532 1274 1595 sacto
1298 1531 1397 1596 liceat
1417 1531 1554 1597 faceret
1599 1534 1643 1596 Et
1666 1535 1708 1609 ui,
1733 1544 1767 1597 et
1790 1535 1868 1598 dolo

469 1649 517 1710 uti
535 1647 699 1729 possimus
717 1645 763 1707 sic
782 1643 824 1706 ad
847 1652 994 1706 nostrum
1011 1645 1288 1726 consequendum.
1336 1635 1381 1709 Et
1396 1646 1531 1727 quidem
1548 1646 1591 1708 ob
1607 1656 1718 1726 raptas
1734 1667 1784 1709 res
1800 1668 1866 1710 non

469 1760 556 1823 bella
581 1756 742 1820 Romanis
765 1756 913 1838 plurima,
935 1765 968 1818 et
990 1754 1117 1837 prima?
1163 1756 1230 1820 Sed
1257 1765 1370 1821 tamen
1398 1757 1577 1839 capiendus
1604 1768 1654 1821 est
1679 1757 1802 1821 Baldus
1824 1762 1868 1823 de

469 1900 502 1942 re
519 1898 578 1942 nec
594 1876 667 1939 leui.
699 1875 744 1938 Et
759 1895 818 1937 nec
834 1873 915 1936 leuis
931 1875 991 1937 erit
1006 1875 1129 1953 iniuria,
1141 1896 1226 1957 quae
1242 1875 1329 1939 facta
1344 1897 1503 1958 personae
1515 1877 1557 1939 sit
1569 1878 1708 1959 digniori
1718 1878 1742 1942 ³.
1766 1881 1867 1942 etiam

469 2002 502 2055 et
521 1989 652 2055 delendi
674 1997 784 2070 potest
807 1985 975 2065 Hercules,
991 1988 1084 2069 quasi
1106 1988 1193 2050 ultor
1213 1988 1370 2070 perfidiae
1388 1999 1489 2071 atque
1509 1990 1648 2072 periurii,
1664 2012 1729 2053 non
1754 1993 1867 2055 damni

469 2105 527 2182 sui,
543 2113 575 2166 et
592 2102 647 2166 illa
662 2109 712 2164 est
728 2119 825 2163 causa
841 2099 1030 2174 honestatis
1047 2099 1089 2163 de
1104 2121 1170 2182 qua
1185 2121 1294 2163 sermo
1310 2101 1445 2165 ultimus
1460 2100 1556 2164 huius
1572 2101 1642 2164 libri
1661 2111 1721 2165 est.

1050 2468 1138 2542 Cim.
1169 2469 1285 2546 XXI.

885 2671 944 2742 De
969 2671 1173 2768 malefactis
1190 2675 1448 2771 prz'ualorum.

512 2881 648 2956 ATQUE
672 2875 859 2959 supradicta
885 2884 969 2952 sunt,
993 2877 1019 2938 si
1047 2876 1205 2960 princeps,
1232 2887 1291 2940 aut
1320 2877 1461 2959 populus
1487 2879 1645 2959 peccauit.
1688 2881 1755 2944 imo
1779 2892 1813 2946 et
1837 2880 1865 2944 si

468 2994 618 3077 peccauit
640 2991 809 3073 priuatus;
833 2998 933 3069 atque
953 2987 1049 3050 huius
1070 2988 1246 3052 emendare
1268 2999 1439 3070 peecatum
1462 2990 1610 3072 neglexit
1631 2992 1791 3075 princeps,
1808 3007 1867 3060 aut

466 3106 617 3190 populus.
664 3102 791 3165 Uerum
810 3099 851 3162 de
869 3098 919 3161 his
937 3100 1149 3180 priuatorum,
1167 3110 1200 3164 et
1216 3101 1410 3183 populorum
1429 3099 1522 3166 factis
1539 3107 1769 3185 cognoscenda
1785 3127 1866 3169 non·

467 3219 556 3283 nulla
579 3226 655 3279 sunt
677 3213 795 3277 adhuc.
841 3211 886 3275 Et
909 3211 989 3274 illud
1013 3213 1164 3293 primum,
1179 3214 1269 3294 quod
1293 3214 1411 3295 priuati
1436 3235 1553 3278 nocere
1572 3216 1776 3280 uniuersitati
1800 3239 1865 3281 non

465 3331 594 3412 possint
617 3329 710 3390 iuste.
741 3325 863 3388 etenim
887 3343 946 3386 nee
964 3333 1126 3405 quaerunt
1147 3325 1350 3388 uniuersitati
1363 3323 1384 3389 ⁴.
1431 3325 1509 3390 Non
1534 3326 1715 3410 imputatur
1736 3328 1865 3392 uniuer-

466 3442 555 3505 sitati
577 3439 735 3502 delictum
758 3436 960 3517 singulorum
970 3435 992 3498 ⁵.
1039 3436 1085 3498 Et
1108 3446 1187 3499 nota
1210 3436 1291 3499 haec
1315 3450 1391 3500 sunt
1413 3439 1574 3517 omnibus,
1598 3440 1728 3503 dicente
1750 3440 1866 3519 Baldo,

465 3553 567 3618 aliist
624 3550 759 3615 Scilicet
787 3549 877 3611 aliud
908 3547 1036 3628 singuli,
1059 3547 1148 3610 aliud
1179 3549 1330 3613 uniuersi.
1369 3559 1402 3612 et
1430 3550 1541 3633 itaque
1568 3552 1688 3634 singuli
1718 3575 1761 3616 ex
1788 3574 1866 3617 con-

465 3674 572 3729 tractu
593 3684 654 3727 nec
672 3660 861 3743 obligantur
875 3659 1129 3722 uniuersitatis⁷.
1176 3661 1221 3723 Et
1244 3662 1356 3743 itaque
1380 3661 1494 3726 Liuius
1516 3665 1636 3742 scribit,
1653 3664 1743 3728 nullo
1766 3665 1865 3731 luisse

466 3778 609 3845 Sabinos
640 3774 764 3839 auxilio
795 3773 925 3855 publico
948 3794 967 3836 a
989 3772 1187 3836 Ueientibus
1215 3775 1366 3838 adiutos:
1398 3785 1433 3839 at
1460 3775 1600 3839 ualuisse
1626 3789 1758 3859 pactam
1789 3799 1865 3841 cum

465 3890 611 3956 Romulo
636 3888 735 3952 fidem
759 3885 961 3950 induciarum
983 3885 1072 3967 apud
1097 3887 1351 3968 eos:.quicquid
1376 3888 1551 3950 uoluntarii
1571 3889 1716 3969 quidam,
1734 3899 1767 3952 et
1789 3889 1865 3972 uagi

464 4003 624 4086 explebe
645 4003 767 4082 inopes,
791 3998 942 4062 mercede
961 3998 1051 4061 ducti
1073 4020 1147 4062 cum
1170 3999 1303 4063 Sabinis
1324 3998 1475 4064 fuerint⁸.
1521 4000 1566 4063 Et
1589 4001 1635 4064 sic
1655 4001 1794 4065 Latinos
1817 4023 1866 4065 re·
1943 4021 1945 4024 ·

367 4189 370 4198 ¹
463 4117 644 4199 spondisse,
661 4113 739 4176 alibi
755 4121 874 4174 narrat.
921 4111 973 4173 De
995 4110 1120 4192 plebeis
1141 4131 1344 4193 responsum.
1376 4132 1453 4175 nam
1473 4113 1505 4175 in
1526 4112 1616 4176 bello
1637 4133 1712 4176 cum
1733 4114 1866 4178 Uolscis

463 4239 566 4310 gesto,
583 4247 657 4291 cum
682 4246 757 4308 pars
781 4224 927 4286 maxima
947 4222 1152 4304 captiuorum
1177 4243 1220 4285 ex
1239 4223 1367 4287 Latinis
1390 4234 1492 4306 atque
1513 4224 1665 4289 Hernicis
1681 4225 1796 4290 luisset
1815 4228 1864 4289 in-

479 4481 486 4510 ¹
503 4483 553 4532 Ior.
565 4480 596 4529 de
608 4480 651 4529 Or.
665 4477 726 4534 Ge.;
742 4478 813 4526 Oros.
827 4476 870 4524 lib.
887 4481 941 4524 asc.
954 4473 976 4523 8.
1011 4473 1021 4500 ²
1038 4473 1091 4522 Bal.
1102 4472 1119 4520 1.
1133 4487 1155 4536 5.
1167 4471 1198 4520 de
1210 4471 1265 4522 iust.
1279 4473 1356 4536 (D.1.
1369 4473 1401 4532 1).
1434 4474 1444 4502 ³
1461 4475 1477 4522 1.
1493 4485 1515 4537 7.
1523 4490 1546 4538 9.
1559 4476 1590 4524 de
1601 4475 1672 4525 iniur.
1686 4476 1731 4539 (D.
1743 4479 1845 4540 37.1o).

495 4563 504 4591 ⁴
522 4563 584 4612 Dec.
595 4577 663 4611 cons.
677 4575 730 4609 221.
743 4558 800 4621 667.
904 4558 914 4586 ⁵
932 4557 952 4604 F
954 4556 1000 4619 ely.
1014 4572 1034 4606 c.
1047 4555 1070 4606 6.
1081 4555 1111 4604 de
1124 4557 1210 4605 Const.
1318 4554 1327 4583 ⁶
1344 4555 1396 4604 Bal.
1412 4569 1432 4606 1.
1444 4572 1512 4606 cons.
1524 4572 1590 4622 439;
1607 4559 1663 4609 Alc.
1677 4573 1698 4622 5.
1712 4576 1778 4609 cons.
1794 4573 1832 4621 23.

691 4643 701 4671 ⁷
719 4642 769 4691 Bal.
786 4653 808 4702 3.
821 4656 889 4689 cons.
901 4653 947 4703 475
966 4639 1020 4688 Alc.
1034 4653 1056 4701 3.
1069 4653 1135 4689 cons.
1150 4647 1171 4700 7.
1373 4640 1382 4666 ⁸
1400 4637 1454 4686 Liu.
1467 4639 1511 4688 lib.
1527 4653 1547 4689 1.
1560 4657 1581 4690 c.
1594 4655 1633 4703 30.
