4522 5570
480 734 541 794 104
964 724 1167 778 ALBERICI
1194 723 1395 777 GENTJLIS

476 964 635 1045 temporis
658 963 749 1027 cuius
771 984 837 1027 non
860 964 902 1027 sit
926 963 1083 1027 memoria
1105 965 1276 1041 contraria,
1295 985 1334 1026 ea
1353 961 1457 1028 ethic
1475 961 1585 1027 ualeat
1606 983 1745 1045 semper.
1789 961 1877 1026 Ara·

474 1082 529 1137 tus
559 1074 613 1136 ille
641 1073 815 1156 Sicyonius
841 1084 899 1138 aut
929 1075 1168 1157 quinquaginta
1193 1096 1355 1139 annorum
1381 1076 1614 1156 possessiones,
1637 1095 1722 1157 quae
1752 1083 1785 1137 et
1815 1075 1877 1137 sub

475 1186 651 1266 tyrannide
669 1186 761 1249 iustis
780 1185 911 1249 ablatae
929 1186 1083 1261 dominis,
1100 1205 1233 1249 mouere
1252 1206 1318 1248 non
1335 1186 1432 1248 nimis
1447 1206 1589 1267 aequum
1609 1185 1749 1268 putabat
1760 1185 1780 1248 ¹.
1825 1185 1878 1248 At

474 1297 621 1377 sequitur
646 1295 822 1360 difficultas
845 1306 967 1360 tamen.
1023 1297 1121 1373 Nam,
1145 1297 1171 1360 si
1198 1316 1264 1359 non
1290 1295 1414 1360 ualenti
1441 1317 1539 1378 agere
1566 1316 1633 1359 non
1660 1297 1759 1360 currit
1781 1317 1876 1379 prae-

474 1407 617 1490 scripti0‚
636 1407 739 1471 uideri
763 1417 880 1490 potest,
900 1430 959 1473 nec
982 1409 1196 1491 praescriptio
1219 1409 1271 1473 hic
1295 1429 1430 1487 currere,
1449 1409 1504 1472 ubi
1524 1409 1685 1491 princeps,
1702 1409 1759 1490 qui
1778 1429 1877 1490 agere

474 1527 509 1581 et
531 1538 664 1581 mouere
691 1518 816 1582 bellum
842 1519 950 1598 habet,
973 1520 1069 1583 facile
1094 1520 1198 1602 possit
1224 1520 1340 1599 dicere,
1365 1541 1471 1602 neque
1494 1541 1530 1582 se
1555 1540 1661 1602 neque
1684 1520 1878 1601 praedeces-

421 1713 425 1720 ·
475 1649 564 1692 sores
579 1651 656 1692 suos
672 1631 818 1713 potuisse
834 1650 967 1694 mouere
984 1629 1118 1695 bellum.
1164 1630 1209 1694 Et
1229 1632 1412 1695 notandum
1428 1639 1487 1708 est,
1502 1631 1592 1713 quod
1610 1629 1724 1711 regula
1743 1629 1827 1693 haec
1843 1638 1877 1692 et

475 1750 526 1805 est
552 1742 717 1819 naturalis,
743 1751 778 1806 et
803 1743 932 1806 obtinet
959 1743 1060 1806 etiam
1087 1743 1245 1806 aduersus
1271 1743 1564 1825 praescriptionem
1591 1743 1688 1805 istam
1717 1741 1877 1822 temporis

475 1852 776 1917 immemorabilis².
822 1854 940 1917 Dicere
970 1864 1082 1918 autem
1109 1854 1189 1917 illud
1216 1854 1368 1937 princeps
1394 1855 1535 1937 poterit:
1572 1854 1650 1936 quia
1676 1873 1751 1931 non,
1774 1863 1813 1916 ut
1842 1853 1876 1916 in

476 1963 631 2046 legitimis
649 1965 943 2047 disceptationibus
961 1966 1020 2030 sori
1041 1965 1166 2045 definis
1182 1965 1282 2029 fuisse
1299 1965 1490 2029 facultatem
1508 1966 1628 2047 agendi
1645 1965 1674 2029 ei
1689 1963 1744 2046 qui
1760 1963 1876 2027 iudicis

477 2078 608 2158 copiam
630 2075 755 2155 habuit,
773 2087 806 2140 et
829 2077 873 2140 rei
897 2077 1113 2140 conueniendi
1136 2086 1347 2160 potestatem,
1367 2088 1400 2141 et
1422 2077 1492 2159 ipse
1514 2077 1693 2159 impeditus
1715 2096 1782 2138 non
1805 2074 1876 2153 fuit,

476 2189 523 2252 ita
538 2189 570 2250 in
586 2189 808 2251 controuersia
824 2188 927 2251 isthac
943 2193 1108 2251 armorum
1124 2189 1318 2270 expedietis.
1358 2187 1421 2251 Uis
1438 2189 1524 2252 enirn
1540 2207 1717 2262 armorum,
1734 2195 1768 2250 et
1785 2186 1875 2248 Mars

476 2300 577 2363 iudex
600 2283 697 2363 fuerit
720 2299 792 2364 hic:
827 2320 925 2381 quem
949 2299 1010 2362 sibi
1033 2300 1180 2382 iniquum
1203 2301 1334 2378 dixerit,
1358 2311 1391 2362 et
1414 2300 1618 2381 persuaserit,
1641 2299 1697 2380 qui
1720 2299 1876 2361 aduersa·
1973 2290 1976 2294 ’

476 2413 559 2474 rium
581 2413 800 2493 potentiorem
823 2411 901 2475 olim
924 2413 1097 2475 conuenire
1120 2399 1286 2475 uoluisset.
1331 2410 1387 2475 Sic
1413 2431 1521 2493 neque
1544 2410 1760 2474 conueniendi
1784 2429 1875 2472 reum

475 2520 667 2586 facultatem
698 2523 858 2587 tenuerit:
890 2532 924 2586 et
953 2523 1023 2605 ipse
1054 2521 1149 2585 suerit
1179 2523 1367 2604 impeditus,
1424 2522 1556 2584 Dormit
1586 2531 1720 2603 propter
1750 2530 1875 2584 metum

476 2633 687 2715 praescriptio
711 2643 861 2716 tempore
883 2635 1066 2715 tyrannidis
1076 2632 1097 2698 ³.
1145 2633 1190 2696 Et
1212 2633 1242 2696 ei
1269 2633 1325 2715 qui
1352 2653 1449 2714 agere
1471 2653 1537 2696 non
1561 2643 1670 2716 potest
1693 2633 1876 2708 commode,

477 2745 672 2807 succurritur
691 2745 848 2806 aduersus
869 2746 1159 2826 praescriptionem
1170 2742 1193 2806 ⁴.
1240 2744 1325 2809 Cum
1346 2743 1378 2808 id
1398 2765 1501 2825 genus
1516 2743 1597 2808 aliis.
1644 2744 1689 2807 Et
1705 2743 1803 2826 igitur
1819 2743 1875 2825 qui

477 2856 584 2919 aliena
605 2857 712 2918 tenuit
734 2857 800 2935 diu,
823 2876 889 2918 non
914 2856 975 2919 sibi
1000 2855 1130 2937 placeat
1157 2864 1339 2938 propterea,
1362 2857 1420 2919 sed
1444 2854 1593 2919 fortunae
1617 2855 1767 2937 imputet,
1791 2875 1878 2936 quae

478 2967 633 3033 dominos
662 2966 820 3046 impediit,
852 2967 957 3048 inquit
984 2965 1227 3029 Demosthenes
1238 2966 1260 3031 ⁵.
1317 2965 1374 3030 Sic
1395 2987 1475 3030 sane
1501 2967 1671 3046 credimus,
1694 2985 1801 3048 neque
1823 2963 1877 3028 hic

478 3097 606 3144 currere
621 3077 908 3158 praescriptionem
925 3076 1087 3158 impedito
1102 3097 1208 3158 agere.
1255 3077 1323 3141 Sed
1344 3079 1372 3140 si
1393 3099 1458 3140 non
1479 3078 1638 3142 subluerit
1660 3077 1877 3158 impedimen-

478 3195 560 3264 tum,
575 3195 647 3249 tum
665 3187 873 3250 admittimus
887 3187 1188 3270 praescriptionem.
1234 3187 1336 3252 Posse
1351 3197 1463 3252 autem
1480 3209 1546 3252 non
1562 3188 1723 3252 subfuisse
1738 3186 1879 3269 impedi·

479 3307 640 3373 mentum,
660 3317 717 3360 cur
739 3294 918 3378 negemus?
964 3297 1009 3361 Et
1036 3319 1121 3380 quae
1147 3299 1179 3361 in
1204 3300 1340 3381 priuatis
1368 3300 1464 3363 rebus
1486 3321 1587 3382 saepe
1609 3301 1752 3364 cernitur
1774 3297 1878 3380 negli-

478 3407 591 3490 gentia
607 3417 640 3470 et
656 3408 796 3489 ignauia,
811 3408 928 3472 eadem
944 3418 977 3471 et
994 3410 1025 3470 in
1042 3409 1179 3489 publicis
1196 3429 1260 3472 non
1277 3411 1364 3473 cerni
1381 3408 1504 3493 possit?
1529 3411 1639 3492 Quam
1655 3411 1707 3474 hic
1722 3419 1878 3492 optamus

478 3519 599 3600 agendi
614 3517 904 3582 commoditatem?
930 3518 1067 3583 Certum
1083 3521 1128 3583 sic
1141 3520 1284 3584 Martem
1300 3524 1452 3601 amicum,
1464 3531 1501 3585 ut
1516 3523 1668 3587 dubitare
1683 3522 1725 3583 de
1740 3520 1878 3584 uictoria

479 3649 545 3691 non
557 3628 761 3692 habeamus?
798 3628 848 3692 At
860 3649 1040 3713 numquam
1056 3631 1103 3694 sic
1115 3639 1165 3693 est
1181 3651 1278 3694 mars.
1302 3642 1335 3696 et
1352 3654 1458 3716 neque
1474 3635 1507 3696 in
1522 3632 1580 3696 lite
1596 3631 1683 3696 ciuili
1699 3631 1732 3694 id
1749 3630 1879 3694 deside·

478 3761 599 3806 ramus.
637 3740 829 3804 ‘Audentes
844 3741 975 3806 fortuna
991 3740 1100 3807 iuuat’
1138 3741 1344 3808 Audendum
1361 3744 1413 3808 hic
1430 3754 1489 3809 est.
1536 3745 1588 3808 Ita
1603 3743 1808 3807 Alexander.
1830 3742 1878 3806 ita

479 3850 609 3930 Caesar,
625 3853 671 3915 ita
686 3852 749 3931 alii,
765 3853 820 3934 qui
836 3854 990 3918 audendo
1006 3853 1092 3917 clari.
1138 3854 1280 3937 Semper
1297 3864 1354 3919 aut
1373 3856 1611 3938 significatione
1629 3854 1810 3919 uoluntatis
1828 3854 1878 3916 ius

478 3965 616 4027 retinere
638 3984 742 4042 suum,
760 3974 901 4046 oportet.
947 3966 997 4030 Ut
1014 3967 1059 4031 sic
1078 3988 1170 4050 reges
1188 3965 1334 4050 Angliae
1352 3967 1467 4031 uolunt
1490 3969 1539 4030 ius
1560 3969 1698 4030 retinere
1721 3967 1753 4028 in
1776 3984 1878 4047 regno

479 4075 643 4154 Franciae,
655 4083 688 4138 et
703 4076 758 4138 alii
774 4097 866 4159 reges
882 4079 914 4140 in
930 4078 1002 4140 aliis
1018 4080 1131 4160 regnis,
1144 4099 1229 4160 quae
1244 4079 1304 4142 sibi
1321 4088 1482 4160 occupata
1497 4089 1625 4162 putant,
1638 4079 1718 4141 dum
1734 4096 1827 4158 reges
1842 4095 1879 4138 se

477 4187 599 4264 dicunt,
608 4197 642 4249 et
655 4187 795 4268 insignia
805 4187 934 4251 illorum
945 4209 1117 4270 regnorum
1128 4210 1187 4252 sua
1196 4189 1332 4252 faciunt.
1349 4198 1381 4252 et
1392 4190 1521 4254 ciuilem
1532 4191 1624 4273 quasi
1635 4189 1878 4273 possessionem

476 4298 662 4376 adseruant,
679 4300 816 4361 naturali
836 4299 948 4377 altera,
964 4300 1032 4361 siue
1050 4299 1210 4382 corporali
1229 4302 1360 4363 amissa.
1406 4302 1525 4383 Neque
1541 4302 1629 4364 enim
1646 4321 1685 4364 ea
1701 4297 1878 4363 intitulatio

478 4544 486 4572 1
503 4529 556 4580 Cic.
572 4543 593 4578 a.
605 4529 636 4578 de
648 4528 694 4579 off.
710 4543 748 4592 ²3·
819 4529 829 4557 ²
846 4531 901 4580 Bal.
913 4530 990 4580 Auth.
1003 4531 1057 4591 nisi,
1071 4532 1100 4582 C.
1113 4532 1144 4582 de
1155 4533 1197 4582 bo.
1209 4549 1258 4583 ma.
1272 4533 1306 4598 (6.
1319 4533 1380 4596 60);
1398 4531 1477 4598 Ceph.
1490 4548 1559 4584 cons.
1571 4521 1634 4599 ⁶97?
1653 4533 1731 4584 Gabr.
1744 4549 1811 4584 cons.
1828 4531 1881 4596 163.

576 4614 586 4642 ³
602 4612 659 4662 Alc.
673 4627 693 4662 1.
707 4627 773 4662 cons.
786 4612 810 4661 8.
942 4614 951 4643 ⁴
968 4612 1022 4662 Bul.
1034 4613 1051 4662 l.
1065 4628 1085 4662 1.
1097 4615 1128 4663 de
1140 4631 1196 4666 ann.
1208 4631 1245 4665 ex.
1258 4619 1288 4680 (e.
1302 4627 1324 4680 7.
1336 4618 1390 4680 40).
1460 4615 1470 4644 ³
1487 4615 1577 4666 Demo.
1588 4617 1620 4666 ad
1632 4618 1717 4668 Maca.
