4522 5570
1428 637 1772 650 ——p———d

699 739 760 793 DE
789 740 893 792 IURE
921 739 1056 811 BELLI,
1084 739 1163 795 LIB.
1186 739 1212 810 J,
1243 738 1331 794 CAP.
1353 738 1456 793 XXII.
1715 745 1774 810 103

377 979 484 1041 munis
499 979 610 1061 opinio
626 989 694 1043 est:
714 979 841 1062 ipsique
860 981 999 1062 probata
1014 979 1148 1043 Alciato
1159 977 1178 1043 ¹.
1211 978 1256 1041 Et
1271 988 1440 1060 praeterea
1457 997 1541 1060 quae
1557 975 1683 1039 sancita
1698 982 1775 1037 sunt

377 1090 410 1152 in
427 1091 494 1153 iure
510 1091 596 1154 ciuili
616 1091 764 1170 subditis,
781 1113 819 1156 ea
836 1093 920 1156 trahi
936 1093 978 1156 ad
995 1093 1157 1174 principes
1174 1090 1268 1154 facile
1290 1111 1355 1154 non
1374 1100 1513 1173 oportet.
1544 1090 1668 1153 subditi
1688 1088 1775 1150 enim

378 1201 540 1266 difficilius
556 1202 679 1265 bonam
696 1202 796 1266 fidem
813 1213 846 1266 et
863 1205 985 1267 iustum
1001 1203 1134 1267 titulum
1150 1204 1357 1266 obtinebunt.

422 1313 617 1377 Uidendum
640 1322 674 1377 et
697 1335 771 1378 cum
796 1316 996 1398 principibus
1020 1326 1069 1380 est
1092 1317 1134 1378 de
1156 1315 1263 1392 titulo,
1279 1322 1315 1377 ut
1334 1312 1546 1395 praescriptio
1569 1311 1673 1393 possit
1695 1330 1776 1374 esse.

379 1425 467 1488 Ecce
483 1426 570 1487 enim
588 1424 773 1501 Sabaudus
787 1427 843 1508 qui
857 1427 994 1489 Niceam
1008 1427 1137 1508 pignori
1152 1426 1269 1489 habuit
1283 1446 1303 1488 a
1320 1445 1395 1506 rege
1412 1422 1518 1501 Gallo,
1530 1423 1649 1486 iniuste
1661 1421 1775 1484 urbem

377 1535 512 1600 domino
536 1556 601 1598 non
624 1537 785 1600 restituit:
814 1547 847 1601 et
871 1537 996 1600 nullum
1020 1538 1110 1601 aliud
1133 1557 1233 1619 quam
1258 1537 1460 1598 inueteratae
1485 1533 1699 1615 possessionis
1726 1532 1776 1594 ius

378 1648 443 1711 illic
460 1647 521 1710 sibi
540 1669 612 1710 esse
627 1646 749 1711 latetur
758 1647 780 1711 ².
827 1649 944 1731 Neque
963 1651 1051 1713 enim
1070 1650 1186 1712 titulus
1208 1648 1354 1731 pignoris
1376 1655 1473 1728 aptus
1496 1643 1743 1727 praescriptioni
1753 1643 1776 1707 ³.

378 1759 493 1841 Atque
505 1769 619 1822 contra
632 1761 739 1841 ipsum
753 1781 864 1842 regem
878 1761 1068 1835 Galliarum,
1082 1762 1137 1844 qui
1155 1761 1386 1843 Perpinianum
1401 1758 1546 1840 pignoris
1562 1765 1692 1820 tantum
1708 1754 1777 1817 iure

377 1872 512 1934 tenebat
533 1871 576 1933 ab
600 1870 760 1953 Hispano,
780 1873 825 1935 sic
849 1871 883 1932 P.
903 1872 1014 1936 louius
1036 1872 1248 1955 grauissimus
1271 1891 1309 1934 ac
1332 1868 1608 1933 luculentissimus
1626 1865 1778 1929 historio-

377 1981 530 2064 graphus⁵
547 1977 679 2066 (quibus
695 2003 770 2046 eum
788 1984 893 2046 titulis
911 1985 1027 2047 merito
1043 1993 1137 2046 ornat
1154 1982 1407 2058 iurisconsultus,
1421 1981 1542 2064 pariter
1556 1979 1777 2061 grauissimus,

379 2103 412 2157 et
430 2093 716 2170 luculentissimus,
732 2094 897 2176 Tyberius
914 2095 1087 2170 Decianus,
1104 2097 1136 2157 in
1153 2092 1351 2177 responsis4:
1375 2093 1429 2156 alii
1445 2091 1601 2174 quicquid
1616 2084 1775 2173 garriant)

380 2205 425 2268 sic
444 2205 556 2267 scribit
577 2205 697 2283 louius,
712 2210 845 2288 ‘parum
865 2208 990 2270 sincera
1010 2206 1075 2269 fide
1093 2206 1213 2269 ueteris
1229 2199 1317 2287 pa'cti
1333 2205 1558 2269 conditionem
1574 2200 1685 2263 multis
1701 2200 1777 2262 iuris

380 2315 665 2379 ‘cauillationibus
684 2317 873 2380 inuoluebat
884 2314 916 2380 ⁵.’
963 2301 1139 2406 Latissinie
1155 2319 1255 2380 etiam
1273 2316 1436 2380 consuluit
1453 2317 1593 2378 loannes
1611 2311 1777 2394 Cephalus

379 2427 413 2489 in
432 2448 508 2490 casu
533 2429 615 2490 isto:
647 2449 749 2509 quum
772 2449 832 2510 pro
850 2430 989 2510 pecunia
1013 2438 1127 2491 mutua
1147 2430 1245 2491 datus
1268 2428 1396 2510 pignori
1419 2427 1595 2491 comitatus
1618 2433 1713 2488 esset.
1743 2431 1777 2485 et

381 2538 487 2619 magis
508 2557 718 2601 communem
738 2541 926 2620 opinionem
944 2539 1032 2614 dicit,
1050 2549 1082 2602 et
1101 2541 1260 2602 ueriorem
1279 2541 1385 2616 docet,
1404 2539 1437 2601 in
1456 2538 1647 2620 quaestione
1665 2545 1778 2598 tamen

380 2644 454 2733 (ait)
471 2647 568 2711 ualde
583 2650 764 2722 dubitabili,
786 2670 851 2713 non
868 2671 940 2713 esse
958 2651 1249 2733 praescriptionem
1259 2649 1280 2713 ⁰.
1326 2649 1519 2713 Uidendum
1538 2658 1650 2711 autem
1669 2647 1712 2709 de
1727 2645 1778 2708 his

379 2779 465 2842 quae
486 2761 528 2823 ad
555 2763 844 2842 praescriptionem
872 2763 1086 2844 requiruntur,
1109 2763 1178 2825 siue
1205 2762 1331 2824 ratione
1353 2760 1449 2839 tituli,
1470 2761 1540 2823 siue
1562 2759 1639 2822 fidei
1662 2758 1778 2829 bonae,

380 2891 440 2952 per
458 2870 633 2935 latissimas
650 2882 835 2936 nostrorum
852 2875 1067 2955 interpretum
1086 2875 1335 2955 disputationes
1351 2883 1384 2936 et
1404 2873 1555 2955 copiosos
1577 2871 1633 2952 qui
1654 2869 1716 2932 hoc
1736 2868 1779 2931 de

382 2993 576 3063 argumento
604 2993 675 3046 toto
701 2994 819 3048 extant
843 2994 1012 3048 tractatus·
1068 2985 1121 3047 De
1143 2986 1230 3047 bona
1254 2981 1316 3047 fide
1341 2983 1458 3066 aliquis
1481 2983 1661 3046 etiamnum
1685 2980 1779 3043 theo-

380 3091 476 3174 logus
492 3094 609 3156 docere
628 3104 734 3158 tentat
755 3096 914 3176 possideri
933 3095 1077 3159 aTurca
1098 3096 1182 3158 bene
1204 3096 1315 3160 omnia
1336 3103 1448 3177 erepta
1472 3095 1584 3157 nobis:
1608 3113 1686 3155 nam
1709 3091 1780 3155 Do-

382 3205 488 3267 minus
507 3205 597 3268 Deus
614 3206 692 3269 uelit
711 3227 770 3269 nos
786 3217 920 3289 propter
934 3217 1070 3289 peccata
1086 3216 1197 3271 nostra
1213 3209 1335 3272 eiectos
1351 3207 1394 3271 de
1408 3216 1493 3270 terra
1509 3204 1652 3269 nostra⁷.
1683 3203 1780 3285 Quae

381 3316 517 3378 ridicula
540 3326 626 3380 sunt.
672 3316 755 3399 Quis
774 3318 860 3380 enim
880 3339 944 3380 non
964 3320 1029 3381 iam
1046 3319 1142 3382 fuerit
1163 3319 1325 3400 perhanc
1349 3319 1508 3381 rationem
1532 3318 1564 3378 in
1588 3312 1781 3382 bonafide?

381 3425 455 3488 Aut
471 3424 599 3490 Turcae
617 3429 728 3510 opinio
751 3429 976 3494 latrocinantis
999 3431 1123 3512 cogitat
1145 3432 1188 3494 de
1206 3431 1292 3493 iusta
1312 3430 1369 3492 illa
1384 3429 1556 3492 uoluntate
1577 3425 1663 3490 Dei?
1708 3425 1781 3488 Aut

380 3538 458 3601 boni
478 3549 554 3602 sunt
572 3540 710 3603 affectus
727 3551 759 3604 et
779 3541 914 3604 effectus
936 3542 1202 3622 prauissimorum
1220 3541 1402 3614 hominum,
1418 3541 1494 3622 quia
1513 3540 1555 3602 ad
1572 3538 1779 3602 uoluntatem

382 3669 475 3711 suam
494 3650 584 3712 Deus
604 3653 706 3713 utitur
721 3652 871 3733 pessimis
887 3652 950 3714 illis
967 3652 1074 3714 bene?
1120 3653 1214 3715 ‘Etsi
1230 3654 1350 3716 iustam
1367 3653 1504 3715 dicimus
1522 3650 1653 3713 Diaboli
1670 3658 1781 3730 potes·

383 3762 389 3789 ‘
407 3767 521 3836 tatem,
533 3780 598 3822 non
610 3771 722 3824 tamen
736 3772 769 3824 et
781 3763 995 3825 uoluntatem.
1028 3762 1104 3824 Non
1118 3762 1287 3838 Diabolus,
1300 3763 1356 3843 qui
1372 3763 1492 3824 inuasit
1507 3761 1695 3836 hominem;
1715 3778 1780 3820 non

382 3872 506 3934 ‘homo
522 3872 576 3954 qui
593 3873 625 3934 id
643 3874 779 3951 meruit;
804 3875 861 3936 sed
881 3875 985 3936 iustus
1005 3873 1168 3935 Dominus
1186 3874 1242 3954 qui
1261 3874 1294 3936 id
1313 3873 1425 3935 uoluit.
1472 3872 1550 3934 Non
1568 3892 1589 3932 a
1604 3879 1781 3952 potestate,

383 3986 390 4014 ‘
406 3983 464 4046 sed
480 4003 500 4044 a
515 3982 685 4046 uoluntate
701 3985 813 4056 iustus,
832 3985 1010 4047 iniustusue
1025 3984 1098 4066 quis
1114 3981 1252 4060 dicitur‚’
1269 3994 1339 4061 etc„
1356 3985 1444 4066 apud
1462 3982 1687 4046 Bemhardum
1697 3979 1720 4044 ⁸.

426 4092 476 4156 At
502 4093 691 4156 abeundum
719 4115 804 4158 nunc
830 4115 895 4157 non
923 4103 972 4157 est
998 4116 1018 4158 a
1046 4096 1113 4156 iure
1139 4093 1320 4158 hominum.
1366 4094 1419 4156 De
1445 4103 1595 4175 tempore
1624 4093 1670 4155 sic
1701 4089 1781 4152 mihi

382 4206 520 4282 uidetur,
544 4214 579 4269 ut
604 4226 689 4287 quae
712 4216 826 4270 contra
853 4228 902 4270 res
931 4207 1218 4271 fauorabilissimas
1245 4207 1334 4270 ualet
1358 4215 1491 4271 centum
1517 4225 1687 4283 annorum,
1710 4203 1781 4267 siue

512 4465 520 4494 ¹
538 4465 610 4515 Alex.
625 4479 646 4515 1.
658 4481 725 4514 cons.
738 4465 784 4528 84;
803 4465 861 4516 Alc.
872 4467 889 4514 d
911 4481 948 4530 24.
961 4475 985 4517 et
997 4468 1028 4516 ad
1040 4467 1057 4516 l.
1072 4481 1109 4530 ²5·
1121 4469 1151 4518 C.
1163 4467 1194 4516 de
1206 4470 1270 4532 pact.
1284 4468 1318 4530 (2.
1329 4469 1364 4529 3).
1463 4465 1472 4493 ²
1490 4466 1544 4515 lou.
1555 4465 1598 4514 lib.
1612 4478 1651 4528 34.

458 4548 468 4577 ³
485 4548 502 4598 l.
514 4563 537 4612 9.
550 4547 579 4596 C.
591 4547 621 4596 de
634 4547 685 4613 pig.
697 4554 744 4597 act.
757 4551 791 4611 (4.
806 4553 862 4612 24);
881 4550 943 4599 Dec.
958 4565 980 4611 3.
993 4565 1061 4600 cons.
1075 4551 1129 4598 108.
1206 4549 1215 4577 ⁴
1232 4549 1292 4600 Dec.
1306 4565 1327 4614 5.
1340 4565 1408 4599 cons.
1423 4561 1460 4613 19.
1535 4545 1546 4576 ⁸
1561 4548 1615 4596 lou.
1628 4547 1671 4598 lib.
1686 4560 1707 4597 1.

545 4630 555 4660 ⁸
572 4629 651 4695 Ceph.
663 4647 731 4682 cons.
745 4645 799 4683 102.
915 4631 925 4661 ¹
942 4633 975 4683 D.
989 4633 1016 4681 B.
1031 4645 1051 4694 5.
1064 4633 1150 4682 Contr.
1164 4645 1186 4693 3.
1198 4648 1219 4682 c.
1235 4631 1272 4681 16.
1386 4632 1395 4661 ⁸
1412 4631 1484 4684 Bern.
1497 4631 1576 4697 Epist.
1589 4644 1629 4696 90.
