4518 5576
705 763 765 818 DE
793 763 896 817 IURE
925 763 1058 830 BELLI,
1088 762 1213 829 Liar,
1247 762 1335 814 CAP.
1358 760 1456 814 XVII.
1762 763 1801 830 77

404 1009 649 1091 conquisierunt
659 1008 679 1073 ¹.
725 1009 858 1074 Probari
877 1032 991 1076 caussa
1010 1032 1075 1075 non
1095 1021 1214 1094 potest,
1230 1031 1315 1092 quae
1338 1027 1468 1094 semper
1486 1013 1603 1076 eadem
1628 1010 1802 1075 Germanis

403 1119 503 1183 fuisse
527 1121 646 1184 dicitur
668 1123 921 1186 transcendendi
944 1123 977 1184 in
1001 1121 1133 1199 Gallias,
1157 1121 1261 1184 libido
1284 1131 1384 1204 atque
1405 1123 1543 1186 auaritia
1566 1133 1599 1186 et
1622 1123 1802 1186 mutandae

403 1232 490 1294 sedis
505 1252 615 1296 amor:
640 1233 760 1297 relictis
778 1234 954 1316 paludibus
970 1244 1003 1299 et
1021 1235 1253 1299 solitudinibus
1272 1236 1339 1298 suis
1357 1245 1392 1298 ut
1411 1235 1701 1300 foecundissimum
1720 1237 1801 1300 illud

403 1343 511 1407 solum
533 1345 740 1426 possiderent
764 1345 922 1410 Galliae2.
970 1347 1048 1410 Non
1072 1349 1195 1410 iustum
1219 1357 1277 1424 est,
1292 1346 1382 1428 quod
1407 1347 1565 1425 BrennuS,
1585 1359 1618 1411 et
1643 1349 1802 1426 Heluetii,

402 1465 436 1519 et
458 1455 513 1518 alii
535 1467 739 1536 censuerunt,
761 1467 798 1521 ut
820 1459 1059 1540 potentioribus
1086 1459 1239 1522 cederent
1269 1467 1303 1522 et
1326 1458 1529 1538 dignioribus
1552 1459 1744 1521 infirmiores
1768 1468 1802 1522 et

402 1567 510 1631 minus
528 1569 620 1650 digni
630 1568 651 1631 ³.
697 1569 776 1631 Non
790 1569 871 1634 haec
887 1591 1003 1633 caussa
1018 1569 1119 1648 ullibi,
1139 1570 1258 1633 modus
1280 1569 1333 1633 hic
1352 1579 1385 1632 et
1402 1569 1518 1633 titulus
1533 1570 1726 1652 adquirendi
1743 1590 1801 1633 no·

401 1687 498 1742 tatur.
544 1679 589 1742 Et
611 1689 744 1744 notatur
763 1679 867 1758 Plato,
884 1683 940 1762 qui
958 1682 1025 1745 tale
1042 1680 1168 1762 aliquid
1187 1701 1245 1763 per
1263 1701 1357 1743 suam
1376 1679 1620 1744 Geometricam
1641 1681 1801 1744 rationem

402 1791 520 1855 docere
539 1791 627 1854 uisus
644 1801 693 1855 est
703 1791 726 1858 ⁴.
758 1792 804 1855 Et
819 1793 1011 1856 uerberatur
1027 1792 1143 1875 Cyrus,
1158 1793 1214 1875 qui
1231 1801 1358 1856 uestem
1374 1792 1569 1875 ampliorem
1585 1812 1651 1855 non
1666 1793 1802 1856 domino

402 1904 511 1980 uestis
528 1904 586 1967 sed
603 1903 673 1966 uiro
688 1904 848 1986 ampliori,
864 1904 1047 1968 breuiorem
1062 1904 1156 1969 alteri
1172 1906 1281 1968 aditus
1297 1905 1399 1968 iudex
1414 1905 1582 1968 adiudicat
1598 1923 1688 1986 puer.
1734 1905 1802 1967 Im·

402 2013 580 2096 proborum
604 2035 711 2079 sermo
736 2015 938 2098 significatur
962 2017 997 2095 is,
1019 2017 1122 2079 ‘Esto
1146 2017 1245 2080 robur
1269 2025 1418 2080 nostrum
1442 2014 1499 2078 lex
1523 2016 1668 2078 iustitiae
1677 2014 1708 2080 ⁶.’
1750 2015 1802 2078 At

404 2126 493 2206 quod
514 2125 672 2208 Uirgilius
695 2127 814 2207 attigit,
832 2127 865 2189 id
885 2127 1008 2190 iustum
1032 2137 1090 2203 est,
1110 2136 1146 2189 ut
1170 2127 1355 2204 innocuum,
1374 2147 1440 2208 qua
1463 2127 1531 2189 fieri
1555 2134 1674 2208 potest,
1693 2124 1801 2189 locum

403 2235 574 2300 obtineant
600 2237 719 2301 alicubi
742 2239 797 2320 qui
824 2239 943 2302 deiecti
969 2241 1012 2302 de
1038 2260 1097 2301 suo
1124 2247 1210 2312 sunt,
1234 2238 1328 2300 ‘Diis
1354 2239 1468 2302 sedern
1495 2240 1650 2320 exiguam
1678 2239 1800 2320 patriis,

403 2346 583 2430 ‘littusque
599 2369 754 2430 rogamus
773 2350 957 2427 innocuum,
974 2359 1007 2412 et
1027 2350 1152 2412 cunctis
1170 2349 1370 2429 undamque,
1386 2368 1568 2430 auramque
1590 2358 1760 2430 patentem
1771 2347 1802 2412 ⁰!

404 2458 499 2523 Haec
523 2469 556 2522 et
579 2462 713 2525 concedi
736 2461 868 2540 debent,
887 2463 913 2524 si
938 2470 971 2525 et
994 2460 1130 2524 concedi
1154 2481 1219 2523 non
1240 2461 1542 2524 incommodissime
1561 2470 1709 2542 possunt.
1756 2460 1802 2523 Et
1856 2503 1864 2515 ·

403 2571 581 2634 concedere
600 2572 646 2634 sic
666 2571 804 2635 Latinus
824 2572 927 2635 uoluit
942 2568 1110 2636 Teucris⁷.
1156 2572 1202 2634 Et
1220 2569 1292 2633 aliis
1308 2571 1353 2634 sic
1369 2570 1424 2634 alii
1444 2582 1675 2634 concesserunt
1694 2592 1800 2652 saepe.

404 2681 496 2744 Bene
522 2702 599 2745 uero
629 2682 806 2761 Ansibarii,
832 2683 919 2766 pulsi
943 2705 963 2747 a
991 2682 1142 2759 Chaucis,
1169 2683 1351 2764 sedumque
1375 2683 1503 2764 inopes,
1526 2690 1635 2745 tutum
1664 2682 1800 2745 exilium

404 2804 543 2871 orantes,
561 2793 671 2858 ‘Sicut
688 2795 816 2858 coelum
832 2795 902 2872 diis,
919 2795 965 2858 ita
980 2803 1082 2858 terras
1098 2795 1208 2875 generi
1225 2794 1414 2857 mortalium
1430 2795 1545 2872 datas;
1569 2814 1720 2876 quaeque
1735 2795 1801 2858 sint

404 2909 560 2983 ‘uacuae,
585 2927 640 2970 eas
662 2905 810 2988 publicas
837 2927 916 2972 esse.
947 2905 1060 2980 solem,
1089 2915 1122 2968 et
1149 2906 1257 2968 sidera
1284 2905 1371 2968 nolle
1393 2907 1540 2970 contueri
1564 2907 1660 2969 inane
1683 2906 1800 2971 solum.

333 3018 335 3022 ”
404 3018 537 3098 ‘potius
568 3037 658 3080 mare
688 3017 959 3099 superfunderent
989 3018 1146 3082 aduersus
1175 3027 1336 3079 terrarum
1366 3012 1574 3098 ereptores⁸.'
1631 3016 1686 3080 Sic
1713 3037 1801 3095 sane,

405 3127 520 3190 ‘Deus
539 3148 604 3191 non
620 3129 662 3191 ad
682 3130 876 3192 inanitatem
896 3130 1017 3193 creauit
1036 3137 1158 3192 terram
1167 3124 1200 3191 ⁹.’
1246 3128 1291 3191 Et
1307 3148 1384 3210 ergo
1402 3129 1478 3190 iuris
1497 3137 1633 3191 naturae
1652 3137 1802 3191 censetur

404 3240 577 3321 occupatio
593 3239 815 3303 uacuorum¹⁰.
855 3240 910 3304 Sic
927 3242 958 3302 in
974 3240 1220 3322 priscosactum
1237 3241 1373 3303 mundo.
1411 3239 1466 3304 Sic
1484 3240 1610 3317 Bataui,
1626 3239 1705 3302 olim
1721 3238 1801 3304 Cat·

404 3359 513 3414 torum
539 3371 623 3433 pars,
650 3353 811 3414 seditione
838 3352 1019 3414 domestica
1046 3352 1139 3434 pulsi,
1166 3373 1270 3415 uacua
1297 3351 1475 3416 cultoribus
1502 3351 1573 3415 loca
1602 3371 1688 3434 quae
1715 3371 1801 3415 nunc

404 3471 519 3526 tenent
538 3473 748 3546 occuparunt.
795 3462 850 3527 Sic
870 3463 924 3526 alii
947 3463 1102 3541 iecerunt,
1121 3472 1155 3526 et
1173 3463 1304 3528 sacient.
1351 3463 1406 3528 Sic
1428 3464 1470 3526 de
1489 3464 1584 3526 terris
1604 3464 1744 3539 incultis,
1764 3473 1801 3527 ut

405 3585 603 3656 quaerantur
620 3576 793 3658 occupanti
812 3575 905 3657 quasi
925 3574 1053 3653 nullius,
1073 3575 1175 3637 nostri
1194 3575 1325 3638 docent.
1350 3584 1383 3638 et
1401 3576 1557 3656 principis
1572 3574 1723 3637 territorii
1740 3576 1801 3639 etsi

404 3687 477 3762 sint,
501 3687 590 3768 quod
613 3685 668 3777 alii
691 3686 816 3760 uolunt,
840 3687 959 3749 cedent
982 3696 1095 3748 tamen
1122 3686 1297 3766 occupanti
1320 3696 1454 3768 propter
1476 3688 1526 3748 ius
1549 3695 1693 3764 naturae,
1716 3707 1801 3768 quae

406 3797 486 3860 nihil
503 3797 574 3861 uult
591 3796 767 3862 uacuum¹¹.
814 3797 884 3861 Sic:
908 3807 941 3861 et
958 3807 1090 3860 maneat
1107 3797 1285 3859 iurisdictio
1302 3798 1465 3880 principis.
1511 3797 1682 3860 Laudatur
1697 3798 1801 3861 Perti-

405 3911 495 3974 nacis
518 3911 635 3974 merito
659 3910 782 3973 sactum
806 3910 956 3991 primurn,
973 3909 1029 3990 qui
1044 3909 1201 3990 quicquid
1225 3908 1257 3970 in
1282 3908 1379 3970 Italia
1402 3918 1459 3972 aut
1481 3908 1560 3971 alibi
1583 3908 1732 3989 gentium
1751 3910 1800 3972 in·

405 4023 483 4086 culti
513 4031 599 4086 esset
625 4021 694 4100 soli,
722 4023 754 4086 id
781 4031 890 4084 totum
917 4019 1154 4101 occupantibus
1181 4027 1213 4082 et
1243 4019 1425 4083 colentibus
1456 4020 1669 4084 adiudicauit.
1700 4020 1801 4083 etiam

405 4134 648 4198 immunitatem
668 4133 826 4206 decennii,
846 4142 879 4195 et
897 4140 1092 4214 perpetuam
1114 4129 1265 4212 agricolis
1289 4131 1477 4195 libertatem
1500 4136 1660 4198 concessit
1669 4134 1702 4199 1².
1748 4134 1801 4197 Ita

401 4401 409 4432 ¹
431 4403 501 4452 Iusti.
513 4403 557 4452 lib.
572 4419 609 4467 ²4¹
622 4420 643 4453 c.
657 4420 688 4467 43
704 4403 775 4452 Caes.
788 4402 816 4450 B.
831 4402 877 4458 G.;
895 4401 950 4450 Liu.
964 4415 1002 4465 39.
1014 4417 1062 4464 40;
1079 4401 1150 4451 Proc.
1164 4401 1228 4450 Van.
1240 4417 1262 4450 1.
1276 4416 1298 4451 a.
1363 4401 1374 4430 ¹
1389 4402 1449 4452 Tac.
1461 4419 1485 4466 4.
1498 4403 1564 4452 Hist.
1581 4413 1617 4465 73.
1662 4405 1672 4433 ⁸
1688 4403 1769 4453 Strab.

429 4483 433 4494 ¹
486 4477 669 4550 ³Xen.1.Cy.
791 4485 920 4534 ⁵Eccl.a.
1046 4483 1351 4549 ⁶Virg.7.Aen.laaq.
1471 4485 1719 4549 ⁷Virg.11.l.320.

545 4569 555 4598 ⁸
571 4569 630 4618 Tac.
645 4582 681 4629 13.
695 4569 742 4616 Au.
757 4579 796 4630 55.
863 4567 872 4596 ⁹
890 4567 953 4617 Gen.
969 4581 988 4614 1.
1000 4567 1049 4616 Isa.
1062 4579 1101 4630 45.
1116 4568 1153 4616 18.
1220 4565 1238 4594 ¹⁰
1255 4567 1271 4616 1.
1285 4581 1307 4629 3.
1319 4563 1350 4616 de
1362 4567 1401 4617 ad.
1414 4585 1446 4618 re.
1460 4567 1500 4616 do.
1514 4568 1610 4630 (D.41.
1627 4569 1659 4627 1).

436 4649 453 4678 ¹¹
471 4651 540 4699 Aret.
553 4667 620 4701 cons.
635 4664 672 4713 15.
684 4658 709 4700 et
720 4651 737 4698 1.
752 4663 773 4701 1.
784 4649 815 4698 dc
826 4650 867 4699 ad.
880 4665 921 4714 po.
937 4647 982 4712 (D.
994 4663 1033 4712 41.
1048 4653 1090 4711 2);
1109 4649 1164 4699 Alc.
1177 4662 1199 4712 5.
1214 4666 1282 4699 cons.
1297 4663 1335 4699 20.
1449 4649 1468 4680 ¹²
1486 4650 1589 4699 Herodi.
1602 4650 1645 4699 lib.
1662 4665 1682 4699 a.
1695 4665 1714 4700 c.
1731 4663 1768 4711 ¹5·
