4498 5566
947 754 1151 810 ALBERICI
1179 754 1380 809 GENTILJS

1044 1143 1132 1218 CAP.
1162 1145 1278 1218 VIII.

817 1347 876 1419 De
898 1347 1035 1420 caussis
1060 1346 1201 1420 dziu'nz's
1226 1347 1313 1420 belli
1324 1346 1504 1443 faciendi.

506 1546 675 1613 DIUINAE
694 1569 829 1614 caussae
847 1558 924 1613 sunt
942 1550 1022 1614 belli
1040 1550 1190 1630 faciendi,
1209 1571 1291 1633 quas
1308 1552 1352 1616 ad
1372 1551 1492 1629 Deum,
1511 1559 1671 1632 tanquam
1692 1548 1862 1614 iubentem

460 1660 585 1725 bellum
612 1661 731 1725 referre
746 1681 930 1744 possumus.
976 1661 1026 1728 Ut
1048 1682 1149 1745 quum
1174 1663 1288 1727 Iudaei
1311 1662 1491 1727 retulerunt
1514 1663 1557 1727 ad
1577 1662 1688 1726 Deum
1711 1681 1860 1724 caussam

460 1772 539 1836 belli
562 1794 584 1838 a
609 1793 644 1837 se
670 1775 753 1838 moti
780 1773 813 1837 in
841 1773 1045 1840 Cananaeos.
1103 1775 1232 1838 Bellum
1260 1774 1360 1839 etiam
1387 1774 1539 1838 ἄσπονδον
1565 1771 1742 1837 denunciat
1769 1771 1862 1836 Deus

462 1883 694 1962 Hamalekitis,
722 1895 756 1949 et
782 1883 906 1966 populo
931 1905 991 1948 suo
1016 1885 1203 1949 inimicitias
1229 1885 1387 1949 aduersus
1413 1884 1487 1949 illos
1512 1894 1664 1949 aeternas
1688 1884 1828 1966 imperat
1839 1881 1860 1947 ¹.

459 1995 562 2059 ‘Hoc
584 2015 688 2078 genus
705 1994 783 2060 belli
806 1995 877 2059 sine
898 1995 1107 2060 dubitatione
1129 1997 1253 2059 iustum
1275 2005 1334 2075 est,
1353 1995 1442 2078 quod
1467 1997 1560 2060 Deus
1583 1996 1743 2079 imperat:
1770 1994 1860 2078 apud

461 2113 584 2190 ‘quem
601 2126 669 2170 non
687 2116 737 2171 est
755 2107 930 2189 iniquitas:
954 2107 1063 2190 etqui
1084 2108 1177 2171 nouit
1192 2107 1272 2190 quid
1292 2109 1408 2190 cuique
1429 2107 1499 2171 fieri
1518 2108 1647 2186 debeat,
1665 2107 1699 2169 in
1717 2128 1782 2189 quo
1801 2127 1860 2169 ex-

460 2218 604 2282 ‘ercitus
631 2238 697 2282 non
723 2227 794 2282 tam
819 2228 935 2282 auctor
961 2217 1039 2282 belli
1065 2238 1166 2300 quam
1194 2219 1341 2283 minister
1366 2218 1563 2283 iudicandus
1590 2227 1640 2282 est
1650 2214 1684 2280 ἢ]
1738 2218 1788 2282 Ut
1813 2218 1860 2282 ita

458 2327 670 2411 Augustinus
692 2329 811 2394 scribit.
858 2329 904 2393 Et
927 2329 960 2392 in
983 2329 1049 2393 alio
1071 2330 1251 2413 proposito,
1275 2336 1285 2366 ‘
1296 2330 1447 2394 Mandati
1470 2329 1566 2392 huius
1590 2350 1653 2394 non
1678 2337 1789 2412 potest
1811 2329 1861 2393 in-

460 2441 606 2504 ‘iustum
625 2461 696 2505 esse
714 2441 880 2505 iudicium.
926 2441 1120 2505 mandatum
1140 2441 1228 2505 enim
1248 2441 1312 2505 Dei
1331 2451 1389 2520 est,
1405 2443 1448 2505 de
1465 2462 1532 2523 quo
1551 2461 1617 2505 non
1636 2440 1858 2518 iudicandum,

459 2552 541 2615 ‘sed
560 2553 589 2615 ei
608 2552 906 2634 obtemperandum
925 2551 995 2617 luit.
1051 2552 1106 2616 ille
1126 2553 1215 2617 enim
1234 2553 1336 2632 nouit,
1351 2573 1452 2635 quam
1471 2553 1556 2616 iuste
1579 2551 1762 2616 mandauit.
1815 2553 1858 2616 ad

458 2664 612 2725 ‘seruum
640 2671 753 2726 autem
776 2663 928 2745 pertinet,
951 2663 1144 2728 obedienter
1169 2663 1276 2727 iacere
1302 2663 1391 2746 quod
1419 2662 1591 2727 mandauit
1602 2661 1634 2729 ³.’
1678 2663 1793 2745 Atque
1815 2663 1858 2726 ab

458 2772 523 2837 ista
540 2775 737 2838 auctoritate
759 2775 805 2839 sic
825 2775 991 2839 concludit
1011 2775 1154 2857 Iephtes,
1174 2775 1316 2839 ‘Nonne
1338 2775 1429 2839 cuius
1451 2774 1607 2839 heredem
1630 2774 1807 2840 instituerit
1825 2784 1860 2839 te

458 2882 687 2951 ‘Cemoschus
706 2887 798 2951 Deus
816 2895 902 2965 tuus,
918 2885 1006 2950 illius
1024 2885 1119 2950 heres
1138 2884 1248 2950 esses?
1271 2886 1317 2950 sic
1335 2907 1566 2969 quemcunque
1584 2885 1714 2968 expulit
1733 2885 1858 2950 Iehoua

458 2996 574 3060 ‘Deus
592 3006 705 3062 noster
718 3019 739 3062 a
753 2998 837 3063 facie
855 3007 975 3076 nostra,
991 2997 1077 3061 illius
1097 2996 1315 3062 hereditatem
1332 2997 1555 3061 obtinebimus
1565 2995 1596 3063 ⁴.'
1642 2998 1688 3062 Et
1706 2999 1752 3063 sic
1771 2997 1858 3062 Isaia

457 3116 495 3172 ut
516 3107 767 3174 Philistaeorum
790 3109 907 3192 legatis
930 3108 1011 3172 nihil
1033 3110 1231 3191 respondere
1253 3107 1376 3173 habeat
1399 3129 1458 3172 rex
1481 3107 1640 3174 Ezechias
1663 3109 1706 3174 de
1729 3109 1858 3174 Israeli·

456 3226 565 3282 tarum
588 3220 657 3284 iure
679 3221 712 3283 in
736 3220 931 3300 Palaestina,
951 3222 1010 3286 sed
1031 3220 1095 3286 hoc
1118 3230 1258 3299 tantum,
1278 3220 1438 3284 Iehouam
1465 3221 1511 3286 sic
1534 3221 1630 3298 uelle,
1650 3230 1687 3286 ut
1710 3244 1750 3286 ea
1771 3231 1857 3286 terra

458 3338 545 3394 esset
559 3331 674 3415 populi
693 3333 743 3396 sui
753 3332 774 3396 ⁶.

502 3442 607 3526 Iunge
639 3452 751 3508 autem
785 3443 907 3509 sanctis
939 3443 991 3508 his
1024 3454 1057 3508 et
1090 3443 1285 3526 Aethiopes,
1314 3445 1370 3526 qui
1404 3443 1528 3507 bellum
1558 3445 1779 3527 quodcunque
1810 3445 1857 3509 sic

457 3553 622 3636 suscipere
654 3565 902 3634 consueuerunt,
932 3555 1009 3619 iussi
1040 3555 1173 3620 oraculo
1203 3554 1325 3619 Iouisl.
1370 3555 1416 3619 Et
1444 3555 1635 3640 Spartanos,
1659 3556 1715 3639 qui
1740 3556 1856 3621 itidem

456 3664 596 3728 oraculis
626 3666 751 3744 moniti,
777 3676 812 3730 et
841 3666 980 3730 sortibus
1010 3676 1151 3750 pergunt
1180 3665 1316 3750 Argiuis
1342 3665 1467 3729 bellum
1497 3666 1636 3731 sacerel.
1683 3668 1760 3733 Huc
1788 3669 1857 3732 Ae-

457 3796 563 3855 neam,
590 3777 765 3861 ipsumque
795 3778 972 3860 Uirgilium
1002 3778 1101 3843 affer:
1136 3780 1191 3862 qui
1221 3777 1374 3842 Aeneam
1405 3777 1483 3841 lacit
1514 3779 1624 3842 uenire
1650 3778 1683 3841 in
1714 3779 1855 3855 Italiam,

456 3889 557 3952 etiam
580 3897 614 3954 et
636 3889 798 3953 facturum
817 3889 942 3954 bellum
966 3911 1010 3954 ex
1029 3890 1112 3969 latis,
1129 3889 1276 3968 oraculis,
1292 3898 1353 3953 etc.
1399 3888 1527 3952 Turcae
1544 3909 1675 3972 quoque
1693 3899 1750 3954 aut
1770 3890 1856 3955 hanc

456 4020 586 4094 semper
603 3999 727 4065 habent
750 4001 911 4066 bellorum
930 4023 1088 4080 caussam,
1106 4003 1196 4084 quod
1216 3998 1418 4064 Maumethis
1436 3999 1543 4062 iussus
1561 3999 1587 4062 is
1604 3999 1655 4078 sit,
1674 4000 1762 4065 bello
1784 4021 1856 4085 per·

456 4112 548 4194 sequi
566 4122 720 4195 oportere
736 4112 888 4178 homines
906 4114 1056 4178 diuersae
1073 4110 1271 4196 religionis⁸.
1317 4112 1363 4175 Et
1386 4111 1431 4174 sic
1454 4110 1526 4193 ipsi,
1546 4110 1738 4193 Persaeque,
1761 4110 1855 4176 alteri

454 4220 566 4285 alteris
583 4221 748 4302 haeretici,
763 4232 960 4308 perpetuum
979 4224 1047 4289 lere
1065 4245 1125 4307 pro
1143 4223 1300 4307 religione
1318 4243 1432 4306 gerere
1448 4221 1573 4286 bellum
1592 4223 1754 4287 dicuntur.
1800 4221 1856 4286 Sic

568 4474 777 4540 ¹Exod.17.16.
875 4477 969 4541 ’Aug
980 4477 1031 4526 Ios.
1043 4493 1067 4542 q.
1081 4491 1119 4527 10.
1217 4477 1309 4541 ’Aug
1322 4477 1385 4527 Exo.
1397 4494 1420 4543 q.
1433 4475 1457 4527 6.
1555 4475 1635 4527 ¹Iud.
1650 4489 1688 4526 11.
1702 4491 1740 4540 ²4·

520 4557 596 4611 'Isa¹
612 4575 650 4623 14.
664 4573 703 4624 3²·
786 4559 893 4610 ‘Hero
905 4559 950 4610 lib.
964 4572 986 4609 a.
998 4575 1020 4610 c.
1036 4573 1074 4624 ²9·
1164 4557 1307 4624 'Xenoph
1320 4576 1344 4624 4.
1356 4559 1445 4610 Graec.
1459 4570 1481 4622 7.
1566 4557 1736 4610 'Na.Co.6.
1752 4572 1790 4623 14.
