4522 5570
718 743 779 798 DE
807 744 911 800 IURE
939 747 1073 814 BELLI,
1104 747 1182 801 LIB.
1205 748 1246 816 Il,
1280 748 1369 802 CAP.
1393 750 1443 803 IV.
1719 759 1779 824 139

383 979 478 1046 Haec
493 982 630 1047 istorum
645 985 853 1052 fraudulenta
869 989 1030 1054 calliditas
1045 998 1115 1053 tam
1137 1011 1208 1054 esse
1228 991 1333 1072 turpis
1354 991 1529 1055 aestimata
1550 1000 1609 1068 est,
1627 1001 1664 1055 ut
1684 992 1781 1054 nullis

381 1111 448 1155 non
478 1095 641 1174 conuiciis,
665 1098 814 1178 decretis,
839 1102 925 1165 notis
951 1101 1113 1184 proscissa
1136 1101 1234 1165 suerit
1244 1099 1264 1165 ¹.
1319 1102 1365 1164 Et
1390 1101 1504 1167 Cicero
1530 1101 1593 1168 hoc
1617 1104 1660 1168 de
1683 1103 1780 1178 lacto,

381 1201 547 1287 ‘Semper
569 1208 602 1271 in
625 1207 691 1273 fide
708 1212 788 1293 quid
807 1213 953 1291 senseris,
972 1232 1038 1276 non
1056 1212 1136 1294 quid
1156 1212 1289 1286 dixeris,
1307 1213 1537 1294 cogitandum!
1583 1214 1629 1278 Et
1646 1235 1783 1297 genera·

380 1313 455 1379 liter
483 1315 630 1401 theologi
660 1321 703 1385 de
733 1322 948 1403 iureiurando,
974 1323 1200 1407 ‘Quacunque
1226 1333 1296 1388 arte
1320 1325 1495 1387 uerborum
1526 1326 1664 1408 quisque
1691 1327 1785 1407 iuret,

382 1427 495 1492 ‘Deus
513 1437 636 1508 tamen,
652 1433 708 1514 qui
727 1434 946 1500 conscientiae
964 1435 1059 1500 testis
1077 1444 1136 1514 est,
1152 1436 1199 1500 ita
1215 1436 1279 1500 hoc
1297 1435 1424 1517 accipit,
1442 1436 1527 1500 sicut
1548 1436 1610 1514 ille,
1629 1437 1681 1501 cui
1699 1439 1784 1502 iura-

381 1541 466 1618 ‘tur,
489 1540 651 1625 intelligit,
673 1543 768 1608 etc.²'
822 1546 952 1611 Eadem
975 1545 1026 1610 his
1049 1546 1208 1610 militibus
1230 1547 1326 1623 fraus,
1349 1556 1382 1610 et
1405 1546 1510 1612 multo
1532 1558 1644 1612 tamen
1667 1549 1784 1612 imma-

383 1650 455 1714 nior
484 1651 546 1716 iuit
576 1652 720 1719 Othonis
750 1657 895 1739 episcopi
930 1658 1140 1740 Moguntini:
1178 1677 1278 1740 quam
1307 1657 1364 1721 alii
1399 1667 1531 1722 narrant
1564 1668 1598 1722 et
1632 1667 1750 1724 notant
1760 1659 1783 1722 ³.

384 1761 559 1844 Improbus
585 1765 718 1848 Agnou,
745 1767 942 1834 Cleomenes
972 1777 1005 1834 et
1036 1769 1182 1835 Thraces
1212 1769 1377 1852 improbi:
1411 1770 1468 1852 qui
1498 1771 1532 1834 in
1562 1771 1633 1835 dies
1659 1770 1784 1854 aliquot

383 1893 457 1938 cum
485 1886 595 1942 essent
620 1879 769 1944 inducias
794 1882 891 1963 pacti,
918 1891 1015 1946 nocte
1041 1882 1171 1949 interim
1198 1881 1308 1964 aliqua
1334 1880 1459 1964 aliquid
1486 1891 1623 1964 egerunt
1646 1881 1784 1960 hostile3

381 1986 474 2068 quasi
499 2009 568 2054 nox
590 2010 656 2054 non
678 1992 900 2058 contineretur
917 1992 1140 2076 appellatione
1163 1993 1237 2071 diei,
1256 1993 1318 2056 etsi
1341 2012 1407 2058 non
1431 1994 1475 2057 de
1496 1993 1550 2058 die
1569 2013 1643 2072 uno,
1662 1993 1720 2057 sed
1743 1993 1786 2057 de

382 2097 530 2179 pluribus
554 2101 679 2166 dictum
707 2112 778 2167 est:
812 2113 846 2169 et
875 2106 1009 2187 quando
1031 2105 1065 2168 id
1088 2105 1178 2187 quod
1201 2104 1318 2186 agitur,
1343 2124 1409 2167 non
1432 2103 1465 2167 in
1492 2104 1564 2170 luce
1595 2105 1703 2182 mod0,
1727 2104 1785 2170 sed

322 2283 330 2304 ι
382 2219 415 2273 et
438 2210 471 2274 in
495 2214 637 2279 tenebris
660 2214 851 2281 tractatur⁴.
899 2216 948 2282 Ut
970 2217 1013 2280 de
1035 2216 1087 2279 his
1110 2215 1190 2279 mihi
1217 2237 1326 2280 sermo
1349 2224 1401 2280 est
1426 2215 1460 2280 in
1480 2215 1545 2279 alio
1563 2235 1672 2299 opere.
1718 2215 1785 2282 Sed

303 2330 305 2336 ’
384 2331 417 2386 et
439 2324 613 2404 prouerbio
639 2335 791 2390 notatum
815 2335 1040 2392 commentum
1063 2325 1126 2391 hoc
1149 2325 1337 2391 Thracium.
1392 2326 1505 2390 Etiam
1528 2337 1562 2391 et
1584 2326 1786 2393 Phoenicum

384 2442 518 2515 pactum
542 2436 585 2501 de
606 2437 770 2502 insidiosis
793 2439 919 2503 dictum
941 2439 1098 2503 tradunt:
1132 2439 1289 2520 quoniam
1313 2458 1388 2501 cum
1414 2439 1448 2500 in
1475 2438 1620 2520 Libyam
1643 2439 1787 2521 appulis·

385 2556 466 2625 sent,
485 2557 518 2612 et
536 2548 580 2611 ab
598 2548 713 2613 incolis
736 2549 799 2614 loci
823 2551 1062 2633 impetrassent,
1083 2559 1120 2615 ut
1142 2559 1279 2633 possent
1302 2550 1367 2614 illic
1386 2569 1458 2614 esse
1480 2557 1612 2614 noctem
1635 2560 1669 2614 et
1689 2550 1787 2629 diem,

384 2658 474 2724 abire
497 2669 613 2741 postea
635 2682 817 2743 numquam
835 2661 1029 2726 uoluerunt:
1057 2662 1150 2744 quasi
1173 2661 1238 2726 hoc
1261 2671 1359 2744 pacto
1373 2661 1445 2738 tuti,
1462 2662 1552 2744 quod
1576 2661 1665 2726 idem
1687 2662 1787 2745 signi·

385 2770 499 2836 ficaret
520 2792 559 2836 ac
586 2773 611 2836 si
639 2783 839 2837 conuentum
866 2781 962 2849 esset,
990 2783 1028 2837 ut
1055 2781 1225 2838 manerent
1251 2773 1358 2837 donec
1385 2772 1455 2836 dies
1482 2782 1516 2836 et
1542 2791 1612 2836 nox
1640 2782 1727 2837 esset
1754 2771 1787 2834 in

384 2893 580 2966 perpetuum
590 2883 613 2947 ⁵.
658 2884 705 2948 Et
727 2885 812 2949 sorte
834 2884 947 2968 lingua
969 2883 1154 2963 Phoenicia,
1178 2885 1258 2948 item
1279 2883 1408 2967 Libyca
1429 2882 1565 2966 propius
1587 2883 1679 2948 iuuat
1703 2883 1787 2948 hanc

384 2994 557 3062 fraudem:
587 3016 673 3078 quae
699 2996 902 3060 manifestior
928 3003 962 3060 et
985 2995 1209 3077 impudentior
1234 2995 1402 3076 detegitur
1424 2995 1457 3058 in
1484 2994 1616 3059 Latina.
1671 2994 1727 3060 Sic
1752 3004 1788 3058 et

385 3107 470 3172 aliae
495 3109 703 3190 supradictae
726 3106 936 3187 Graecorum,
960 3106 1150 3189 Opicorum‚
1179 3105 1390 3187 Scytharum,
1412 3105 1562 3170 aliorum.
1608 3105 1661 3170 Illi
1687 3105 1787 3170 iidem

386 3219 565 3284 Phoenices
589 3227 815 3285 commentum
837 3219 919 3284 illud
938 3217 1079 3283 alterurn
1102 3220 1144 3283 de
1162 3218 1292 3282 taurina
1315 3218 1402 3301 pelle
1420 3219 1631 3292 induxerunt,
1651 3217 1788 3283 mercati

386 3332 501 3410 solum,
520 3333 669 3396 ‘taurino
687 3341 848 3416 quantum
867 3341 1004 3415 possent
1022 3331 1213 3395 circundare
1231 3329 1344 3412 tergo!
1389 3330 1435 3398 Et
1453 3329 1542 3394 aliud
1562 3339 1787 3395 commentum

387 3445 486 3510 iidem
513 3445 693 3509 commenti
719 3443 798 3508 alibi
808 3443 829 3508 ⁶.
885 3441 953 3508 Sed
980 3451 1014 3506 et
1040 3442 1174 3524 paribus
1200 3443 1326 3508 artibus
1353 3451 1424 3505 tum
1453 3442 1585 3524 excepti
1611 3463 1632 3504 a
1655 3440 1788 3506 Graecis

386 3557 486 3621 luere.
546 3556 635 3620 Nam
668 3553 793 3632 Graeci,
823 3554 879 3636 qui
910 3553 957 3616 eis
987 3553 1156 3617 debebant
1186 3573 1295 3629 naues,
1323 3553 1457 3617 tradunt
1487 3551 1547 3618 has
1577 3553 1647 3618 sine
1677 3552 1789 3631 clauis,

386 3669 492 3744 remis,
518 3667 608 3732 uelis.
641 3665 743 3730 ueluti
769 3665 832 3729 hae
859 3671 967 3728 essent
994 3683 1104 3728 naues.
1162 3662 1344 3726 Insidiose:
1377 3672 1413 3728 at
1439 3672 1555 3727 contra
1581 3663 1754 3730 insidiosos
1766 3662 1787 3726 ⁷.

386 3779 534 3861 Improbi
565 3778 755 3855 Locrenses,
777 3776 834 3857 qui
864 3773 1044 3838 amicitiam
1077 3774 1166 3855 pacti
1199 3783 1404 3855 perpetuam,
1431 3775 1511 3838 dum
1541 3782 1662 3838 terram
1696 3772 1787 3836 illam

386 3891 557 3965 calcarent,
576 3897 609 3952 et
628 3888 737 3969 capita
760 3886 816 3950 illa
837 3885 983 3949 humeris
1005 3891 1193 3965 portarent:
1219 3893 1313 3961 terra,
1332 3904 1432 3965 quam
1452 3884 1569 3948 calceis
1588 3893 1686 3948 antea
1709 3883 1788 3947 inie-

386 4010 509 4077 cerunt,
531 4009 565 4063 et
591 3997 753 4080 capitibus
783 3996 943 4072 alliorum,
966 4015 1052 4077 quae
1082 3995 1168 4058 clam
1199 4003 1424 4077 apposuerunt
1453 3994 1607 4073 humeris,
1632 3989 1807 4072 excussis,

385 4112 510 4178 bellum
534 4120 708 4174 mouerunt
716 4108 738 4174 ⁸.
785 4109 881 4172 Haec
899 4106 1085 4170 sutilissima
1107 4115 1316 4184 commenta,
1343 4107 1462 4188 quibus
1481 4105 1528 4169 uti
1549 4106 1659 4170 forsan
1676 4105 1789 4188 possis,

385 4215 669 4308 quemadmodum
695 4220 816 4298 Numa,
842 4217 963 4285 Bnrtus
984 4217 1033 4280 usi
1060 4216 1281 4300 perhibentur,
1304 4217 1348 4280 ad
1375 4216 1617 4282 immanitatem
1644 4215 1789 4300 aliquam

597 4465 609 4512 '¹
625 4481 658 4530 A.
670 4480 737 4531 Geli.
750 4491 772 4538 7.
784 4495 806 4528 c.
821 4479 866 4534 18;
884 4477 938 4528 Cic„
954 4491 975 4527 1.
986 4476 1018 4527 de
1031 4474 1080 4526 Oli.
1093 4489 1132 4540 rq.
1369 4476 1379 4504 ¹
1396 4492 1416 4528 c.
1428 4492 1453 4542 9.
1467 4490 1504 4524 aa.
1517 4492 1540 4542 q.
1553 4490 1576 4540 5.

387 4569 397 4600 ¹
408 4567 500 4620 Sabell.
515 4563 667 4625 10.Enn.8;
679 4561 736 4612 Alc.
746 4561 777 4610 de
788 4560 822 4610 si.
835 4559 878 4610 Ce.
891 4576 913 4611 c.
924 4569 962 4622 17.
1031 4558 1041 4587 ⁴
1051 4557 1099 4609 Str.
1108 4574 1138 4624 93
1152 4557 1268 4623 Polyaen.
1280 4559 1303 4609 6.
1314 4570 1343 4622 7;
1355 4559 1408 4610 Cic.
1421 4572 1441 4610 1.
1450 4559 1481 4610 de
1491 4559 1539 4610 on.
1550 4573 1594 4617 10;
1611 4559 1676 4608 Plut.
1689 4556 1790 4624 Apoph.

485 4649 496 4678 ³
512 4648 596 4699 Sulda.
696 4644 706 4674 ⁸
723 4642 906 4694 Amantius.
1004 4640 1015 4671 ¹
1031 4642 1049 4690 l.
1063 4655 1117 4703 ²4²·
1130 4640 1162 4690 de
1173 4641 1204 4691 U.
1217 4640 1243 4692 S.
1256 4641 1302 4706 (D.
1315 4655 1354 4704 50.
1369 4641 1419 4705 16).
1525 4642 1535 4671 ¹
1552 4641 1668 4706 Polyaeu.
1683 4639 1706 4691 6.

1062 4861 1122 4913 Ta
