<?xml version="1.0" encoding="UTF-8"?>
<!DOCTYPE html PUBLIC "-//W3C//DTD XHTML 1.0 Transitional//EN"
    "http://www.w3.org/TR/xhtml1/DTD/xhtml1-transitional.dtd">
<html xmlns="http://www.w3.org/1999/xhtml" xml:lang="en" lang="en">
 <head>
  <title>
</title>
<meta http-equiv="Content-Type" content="text/html;charset=utf-8" />
  <meta name='ocr-system' content='tesseract 3.04.00' />
  <meta name='ocr-capabilities' content='ocr_page ocr_carea ocr_par ocr_line ocrx_word'/>
</head>
<body>
  <div class='ocr_page' id='page_1' title='image "albericigentili00gentgoog_0134.png"; bbox 0 0 4522 5570; ppageno 0'>
   <div class='ocr_carea' id='block_1_1' title="bbox 474 741 1388 797">
    <p class='ocr_par' dir='ltr' id='par_1_1' title="bbox 474 741 1388 797">
     <span class='ocr_line' id='line_1_1' title="bbox 474 741 1388 797; baseline -0.003 -1"><span class='ocrx_word' id='word_1_1' title='bbox 474 751 533 797; x_wconf 84' lang='lat'>102</span> <span class='ocrx_word' id='word_1_2' title='bbox 958 742 1160 795; x_wconf 82' lang='lat' dir='ltr'>ALBERICI</span> <span class='ocrx_word' id='word_1_3' title='bbox 1189 741 1388 794; x_wconf 79' lang='lat' dir='ltr'><em>GENTILIS</em></span> 
     </span>
    </p>
   </div>
   <div class='ocr_carea' id='block_1_2' title="bbox 470 987 1871 2069">
    <p class='ocr_par' dir='ltr' id='par_1_2' title="bbox 470 987 1871 2069">
     <span class='ocr_line' id='line_1_2' title="bbox 471 987 1870 1070; baseline -0.001 -21"><span class='ocrx_word' id='word_1_4' title='bbox 471 995 686 1068; x_wconf 83' lang='lat' dir='ltr'><strong>occupatores</strong></span> <span class='ocrx_word' id='word_1_5' title='bbox 707 996 812 1052; x_wconf 89' lang='lat' dir='ltr'>terrae</span> <span class='ocrx_word' id='word_1_6' title='bbox 833 989 911 1050; x_wconf 87' lang='lat' dir='ltr'>eius.</span> <span class='ocrx_word' id='word_1_7' title='bbox 943 988 1133 1070; x_wconf 87' lang='lat' dir='ltr'>longissima</span> <span class='ocrx_word' id='word_1_8' title='bbox 1155 987 1242 1051; x_wconf 91' lang='lat' dir='ltr'>enim</span> <span class='ocrx_word' id='word_1_9' title='bbox 1263 988 1517 1070; x_wconf 80' lang='lat' dir='ltr'>praescriptione</span> <span class='ocrx_word' id='word_1_10' title='bbox 1538 988 1791 1068; x_wconf 86' lang='lat' dir='ltr'>quingentorum</span> <span class='ocrx_word' id='word_1_11' title='bbox 1812 1007 1870 1049; x_wconf 92' lang='lat' dir='ltr'>an-</span> 
     </span>
     <span class='ocr_line' id='line_1_3' title="bbox 471 1098 1870 1181; baseline -0.001 -21"><span class='ocrx_word' id='word_1_12' title='bbox 471 1118 587 1160; x_wconf 92' lang='lat' dir='ltr'>norum</span> <span class='ocrx_word' id='word_1_13' title='bbox 612 1119 684 1160; x_wconf 93' lang='lat' dir='ltr'>eam</span> <span class='ocrx_word' id='word_1_14' title='bbox 709 1108 828 1162; x_wconf 90' lang='lat' dir='ltr'>terram</span> <span class='ocrx_word' id='word_1_15' title='bbox 853 1098 1041 1164; x_wconf 88' lang='lat' dir='ltr'>Chananaei</span> <span class='ocrx_word' id='word_1_16' title='bbox 1065 1098 1233 1162; x_wconf 87' lang='lat' dir='ltr'>tenebant.</span> <span class='ocrx_word' id='word_1_17' title='bbox 1264 1099 1398 1181; x_wconf 86' lang='lat' dir='ltr'>quaesi</span> <span class='ocrx_word' id='word_1_18' title='bbox 1422 1117 1486 1160; x_wconf 92' lang='lat' dir='ltr'>non</span> <span class='ocrx_word' id='word_1_19' title='bbox 1510 1098 1632 1160; x_wconf 88' lang='lat' dir='ltr'>ualeret</span> <span class='ocrx_word' id='word_1_20' title='bbox 1649 1099 1870 1179; x_wconf 84' lang='lat' dir='ltr'>praescriptio,</span> 
     </span>
     <span class='ocr_line' id='line_1_4' title="bbox 472 1209 1870 1292; baseline 0.001 -21"><span class='ocrx_word' id='word_1_21' title='bbox 472 1211 530 1271; x_wconf 88' lang='lat' dir='ltr'>uix</span> <span class='ocrx_word' id='word_1_22' title='bbox 547 1209 631 1272; x_wconf 92' lang='lat' dir='ltr'>ullus</span> <span class='ocrx_word' id='word_1_23' title='bbox 647 1211 710 1273; x_wconf 92' lang='lat' dir='ltr'>dici</span> <span class='ocrx_word' id='word_1_24' title='bbox 729 1210 895 1292; x_wconf 86' lang='lat' dir='ltr'>legitimus</span> <span class='ocrx_word' id='word_1_25' title='bbox 913 1212 1064 1292; x_wconf 91' lang='lat' dir='ltr'>princeps</span> <span class='ocrx_word' id='word_1_26' title='bbox 1080 1219 1201 1290; x_wconf 89' lang='lat' dir='ltr'>posset.</span> <span class='ocrx_word' id='word_1_27' title='bbox 1248 1210 1387 1273; x_wconf 83' lang='lat' dir='ltr'>Ueteres</span> <span class='ocrx_word' id='word_1_28' title='bbox 1404 1210 1575 1273; x_wconf 85' lang='lat' dir='ltr'>Persarum</span> <span class='ocrx_word' id='word_1_29' title='bbox 1593 1230 1630 1272; x_wconf 90' lang='lat' dir='ltr'>ac</span> <span class='ocrx_word' id='word_1_30' title='bbox 1647 1209 1870 1272; x_wconf 86' lang='lat' dir='ltr'>Macedonum</span> 
     </span>
     <span class='ocr_line' id='line_1_5' title="bbox 471 1320 1870 1404; baseline 0.001 -21"><span class='ocrx_word' id='word_1_31' title='bbox 471 1323 637 1400; x_wconf 69' lang='lat' dir='ltr'>terminos</span> <span class='ocrx_word' id='word_1_32' title='bbox 657 1332 691 1385; x_wconf 90' lang='lat' dir='ltr'>et</span> <span class='ocrx_word' id='word_1_33' title='bbox 709 1343 860 1404; x_wconf 92' lang='lat' dir='ltr'>possessa</span> <span class='ocrx_word' id='word_1_34' title='bbox 880 1321 968 1403; x_wconf 90' lang='lat' dir='ltr'>Cyro</span> <span class='ocrx_word' id='word_1_35' title='bbox 992 1332 1025 1384; x_wconf 88' lang='lat' dir='ltr'>ct</span> <span class='ocrx_word' id='word_1_36' title='bbox 1046 1321 1242 1384; x_wconf 90' lang='lat' dir='ltr'>Alexandro</span> <span class='ocrx_word' id='word_1_37' title='bbox 1261 1325 1338 1404; x_wconf 86' lang='lat' dir='ltr'>‘per</span> <span class='ocrx_word' id='word_1_38' title='bbox 1360 1320 1656 1402; x_wconf 89' lang='lat' dir='ltr'>uaniloquentiam’</span> <span class='ocrx_word' id='word_1_39' title='bbox 1677 1322 1870 1402; x_wconf 88' lang='lat' dir='ltr'>reposcebat</span> 
     </span>
     <span class='ocr_line' id='line_1_6' title="bbox 470 1431 1869 1515; baseline 0.001 -21"><span class='ocrx_word' id='word_1_40' title='bbox 470 1431 670 1508; x_wconf 69' lang='lat' dir='ltr'>Artabanus</span> <span class='ocrx_word' id='word_1_41' title='bbox 694 1433 888 1496; x_wconf 86' lang='lat' dir='ltr'>Parthorum</span> <span class='ocrx_word' id='word_1_42' title='bbox 912 1454 980 1510; x_wconf 88' lang='lat' dir='ltr'>rex,</span> <span class='ocrx_word' id='word_1_43' title='bbox 999 1454 1018 1495; x_wconf 92' lang='lat' dir='ltr'>a</span> <span class='ocrx_word' id='word_1_44' title='bbox 1039 1433 1194 1515; x_wconf 89' lang='lat' dir='ltr'>Tyberio,</span> <span class='ocrx_word' id='word_1_45' title='bbox 1213 1443 1248 1496; x_wconf 90' lang='lat' dir='ltr'>ut</span> <span class='ocrx_word' id='word_1_46' title='bbox 1273 1435 1376 1515; x_wconf 90' lang='lat' dir='ltr'>inquit</span> <span class='ocrx_word' id='word_1_47' title='bbox 1400 1432 1536 1497; x_wconf 90' lang='lat' dir='ltr'>Tacitus</span> <span class='ocrx_word' id='word_1_48' title='bbox 1545 1432 1565 1497; x_wconf 86' lang='lat'>¹.</span> <span class='ocrx_word' id='word_1_49' title='bbox 1611 1433 1656 1496; x_wconf 90' lang='lat' dir='ltr'>Et</span> <span class='ocrx_word' id='word_1_50' title='bbox 1680 1432 1869 1496; x_wconf 88' lang='lat' dir='ltr'>Solimanus</span> 
     </span>
     <span class='ocr_line' id='line_1_7' title="bbox 470 1543 1870 1626; baseline -0.001 -20"><span class='ocrx_word' id='word_1_51' title='bbox 470 1544 568 1626; x_wconf 84' lang='lat' dir='ltr'>longe</span> <span class='ocrx_word' id='word_1_52' title='bbox 601 1545 709 1606; x_wconf 90' lang='lat' dir='ltr'>uarius</span> <span class='ocrx_word' id='word_1_53' title='bbox 743 1555 818 1626; x_wconf 93' lang='lat' dir='ltr'>post</span> <span class='ocrx_word' id='word_1_54' title='bbox 848 1564 951 1607; x_wconf 88' lang='lat' dir='ltr'>annos</span> <span class='ocrx_word' id='word_1_55' title='bbox 982 1543 1071 1606; x_wconf 90' lang='lat' dir='ltr'>mille</span> <span class='ocrx_word' id='word_1_56' title='bbox 1102 1545 1170 1606; x_wconf 87' lang='lat' dir='ltr'>iura</span> <span class='ocrx_word' id='word_1_57' title='bbox 1201 1545 1373 1626; x_wconf 87' lang='lat' dir='ltr'>repetebat</span> <span class='ocrx_word' id='word_1_58' title='bbox 1409 1543 1627 1609; x_wconf 81' lang='lat' dir='ltr'>Constantini.</span> <span class='ocrx_word' id='word_1_59' title='bbox 1666 1554 1698 1607; x_wconf 89' lang='lat' dir='ltr'>et</span> <span class='ocrx_word' id='word_1_60' title='bbox 1733 1544 1870 1607; x_wconf 87' lang='lat' dir='ltr'>Carolus</span> 
     </span>
     <span class='ocr_line' id='line_1_8' title="bbox 470 1653 1871 1738; baseline 0 -22"><span class='ocrx_word' id='word_1_61' title='bbox 470 1656 604 1736; x_wconf 90' lang='lat' dir='ltr'>quintus</span> <span class='ocrx_word' id='word_1_62' title='bbox 627 1655 707 1717; x_wconf 88' lang='lat' dir='ltr'>haec</span> <span class='ocrx_word' id='word_1_63' title='bbox 731 1664 764 1718; x_wconf 88' lang='lat' dir='ltr'>et</span> <span class='ocrx_word' id='word_1_64' title='bbox 787 1655 851 1718; x_wconf 88' lang='lat' dir='ltr'>alia</span> <span class='ocrx_word' id='word_1_65' title='bbox 873 1656 1076 1736; x_wconf 86' lang='lat' dir='ltr'>superiorum</span> <span class='ocrx_word' id='word_1_66' title='bbox 1100 1653 1368 1738; x_wconf 81' lang='lat' dir='ltr'>Augustorum2;</span> <span class='ocrx_word' id='word_1_67' title='bbox 1400 1663 1434 1716; x_wconf 90' lang='lat' dir='ltr'>et</span> <span class='ocrx_word' id='word_1_68' title='bbox 1454 1675 1473 1716; x_wconf 90' lang='lat' dir='ltr'>a</span> <span class='ocrx_word' id='word_1_69' title='bbox 1496 1653 1714 1717; x_wconf 90' lang='lat' dir='ltr'>Constantino</span> <span class='ocrx_word' id='word_1_70' title='bbox 1737 1654 1817 1734; x_wconf 91' lang='lat' dir='ltr'>ipso,</span> <span class='ocrx_word' id='word_1_71' title='bbox 1837 1663 1871 1716; x_wconf 89' lang='lat' dir='ltr'>et</span> 
     </span>
     <span class='ocr_line' id='line_1_9' title="bbox 470 1764 1871 1847; baseline -0.001 -19"><span class='ocrx_word' id='word_1_72' title='bbox 470 1787 489 1828; x_wconf 89' lang='lat' dir='ltr'>a</span> <span class='ocrx_word' id='word_1_73' title='bbox 507 1767 574 1829; x_wconf 88' lang='lat' dir='ltr'>filio</span> <span class='ocrx_word' id='word_1_74' title='bbox 591 1767 660 1828; x_wconf 89' lang='lat' dir='ltr'>eius</span> <span class='ocrx_word' id='word_1_75' title='bbox 677 1775 709 1829; x_wconf 91' lang='lat' dir='ltr'>et</span> <span class='ocrx_word' id='word_1_76' title='bbox 725 1767 768 1829; x_wconf 88' lang='lat' dir='ltr'>ab</span> <span class='ocrx_word' id='word_1_77' title='bbox 784 1764 983 1828; x_wconf 86' lang='lat' dir='ltr'>Alexandro</span> <span class='ocrx_word' id='word_1_78' title='bbox 1000 1765 1124 1828; x_wconf 91' lang='lat' dir='ltr'>Seuero</span> <span class='ocrx_word' id='word_1_79' title='bbox 1137 1775 1221 1828; x_wconf 87' lang='lat' dir='ltr'>ante.</span> <span class='ocrx_word' id='word_1_80' title='bbox 1262 1765 1338 1827; x_wconf 85' lang='lat' dir='ltr'>Rex</span> <span class='ocrx_word' id='word_1_81' title='bbox 1351 1765 1465 1828; x_wconf 85' lang='lat' dir='ltr'>itidem</span> <span class='ocrx_word' id='word_1_82' title='bbox 1479 1765 1650 1827; x_wconf 91' lang='lat' dir='ltr'>Persarum</span> <span class='ocrx_word' id='word_1_83' title='bbox 1663 1765 1774 1826; x_wconf 89' lang='lat' dir='ltr'>omnia</span> <span class='ocrx_word' id='word_1_84' title='bbox 1786 1785 1871 1847; x_wconf 90' lang='lat' dir='ltr'>quae</span> 
     </span>
     <span class='ocr_line' id='line_1_10' title="bbox 470 1873 1871 1959; baseline -0.001 -19"><span class='ocrx_word' id='word_1_85' title='bbox 470 1877 548 1940; x_wconf 93' lang='lat' dir='ltr'>olim</span> <span class='ocrx_word' id='word_1_86' title='bbox 572 1898 677 1959; x_wconf 91' lang='lat' dir='ltr'>usque</span> <span class='ocrx_word' id='word_1_87' title='bbox 704 1887 782 1940; x_wconf 88' lang='lat' dir='ltr'>ante</span> <span class='ocrx_word' id='word_1_88' title='bbox 808 1875 1039 1939; x_wconf 86' lang='lat' dir='ltr'>Alexandrum</span> <span class='ocrx_word' id='word_1_89' title='bbox 1073 1877 1232 1958; x_wconf 85' lang='lat' dir='ltr'>Magnum</span> <span class='ocrx_word' id='word_1_90' title='bbox 1257 1877 1392 1939; x_wconf 84' lang='lat' dir='ltr'>fuissent</span> <span class='ocrx_word' id='word_1_91' title='bbox 1418 1876 1544 1957; x_wconf 90' lang='lat' dir='ltr'>imperii</span> <span class='ocrx_word' id='word_1_92' title='bbox 1568 1873 1729 1938; x_wconf 82' lang='lat' dir='ltr'>Persici³:</span> <span class='ocrx_word' id='word_1_93' title='bbox 1765 1884 1798 1938; x_wconf 89' lang='lat' dir='ltr'>et</span> <span class='ocrx_word' id='word_1_94' title='bbox 1823 1877 1871 1938; x_wconf 92' lang='lat' dir='ltr'>in-</span> 
     </span>
     <span class='ocr_line' id='line_1_11' title="bbox 470 1986 1871 2069; baseline -0.001 -19"><span class='ocrx_word' id='word_1_95' title='bbox 470 1998 547 2069; x_wconf 88' lang='lat' dir='ltr'>epte</span> <span class='ocrx_word' id='word_1_96' title='bbox 571 1987 746 2050; x_wconf 89' lang='lat' dir='ltr'>Masinissa</span> <span class='ocrx_word' id='word_1_97' title='bbox 773 1987 996 2069; x_wconf 82' lang='lat' dir='ltr'>longissimam</span> <span class='ocrx_word' id='word_1_98' title='bbox 1026 1987 1336 2069; x_wconf 87' lang='lat' dir='ltr'>Carthaginensium</span> <span class='ocrx_word' id='word_1_99' title='bbox 1366 1986 1606 2069; x_wconf 90' lang='lat' dir='ltr'>possessionem</span> <span class='ocrx_word' id='word_1_100' title='bbox 1630 1986 1813 2060; x_wconf 75' lang='lat' dir='ltr'>deificabat,</span> <span class='ocrx_word' id='word_1_101' title='bbox 1838 1995 1871 2048; x_wconf 90' lang='lat' dir='ltr'>et</span> 
     </span>
    </p>
   </div>
   <div class='ocr_carea' id='block_1_3' title="bbox 372 2095 1872 2181">
    <p class='ocr_par' dir='ltr' id='par_1_3' title="bbox 372 2095 1872 2181">
     <span class='ocr_line' id='line_1_12' title="bbox 372 2095 1872 2181; baseline -0.003 -19"><span class='ocrx_word' id='word_1_102' title='bbox 372 2109 374 2113; x_wconf 86' lang='lat'>&#39;</span> <span class='ocrx_word' id='word_1_103' title='bbox 470 2100 644 2181; x_wconf 87' lang='lat' dir='ltr'>imperium</span> <span class='ocrx_word' id='word_1_104' title='bbox 675 2098 902 2179; x_wconf 86' lang='lat' dir='ltr'>longissimum</span> <span class='ocrx_word' id='word_1_105' title='bbox 914 2096 935 2163; x_wconf 82' lang='lat'>⁴.</span> <span class='ocrx_word' id='word_1_106' title='bbox 990 2097 1179 2162; x_wconf 91' lang='lat' dir='ltr'>Antiochus</span> <span class='ocrx_word' id='word_1_107' title='bbox 1214 2098 1359 2180; x_wconf 85' lang='lat' dir='ltr'>Magnus</span> <span class='ocrx_word' id='word_1_108' title='bbox 1389 2098 1507 2160; x_wconf 90' lang='lat' dir='ltr'>eodem</span> <span class='ocrx_word' id='word_1_109' title='bbox 1538 2106 1714 2178; x_wconf 89' lang='lat' dir='ltr'>praetextu</span> <span class='ocrx_word' id='word_1_110' title='bbox 1746 2095 1872 2159; x_wconf 89' lang='lat' dir='ltr'>Aeoles</span> 
     </span>
    </p>
   </div>
   <div class='ocr_carea' id='block_1_4' title="bbox 466 2207 1940 4296">
    <p class='ocr_par' dir='ltr' id='par_1_4' title="bbox 466 2207 1940 4296">
     <span class='ocr_line' id='line_1_13' title="bbox 470 2207 1872 2291; baseline -0.001 -19"><span class='ocrx_word' id='word_1_111' title='bbox 470 2210 636 2291; x_wconf 92' lang='lat' dir='ltr'>Ionasque</span> <span class='ocrx_word' id='word_1_112' title='bbox 654 2208 751 2272; x_wconf 90' lang='lat' dir='ltr'>bello·</span> <span class='ocrx_word' id='word_1_113' title='bbox 761 2219 810 2272; x_wconf 87' lang='lat' dir='ltr'>est</span> <span class='ocrx_word' id='word_1_114' title='bbox 828 2229 1010 2291; x_wconf 82' lang='lat' dir='ltr'>aggressus,</span> <span class='ocrx_word' id='word_1_115' title='bbox 1026 2210 1182 2291; x_wconf 91' lang='lat' dir='ltr'>quoniam</span> <span class='ocrx_word' id='word_1_116' title='bbox 1202 2208 1247 2271; x_wconf 94' lang='lat' dir='ltr'>illi</span> <span class='ocrx_word' id='word_1_117' title='bbox 1269 2207 1383 2291; x_wconf 92' lang='lat' dir='ltr'>populi</span> <span class='ocrx_word' id='word_1_118' title='bbox 1403 2208 1582 2270; x_wconf 89' lang='lat' dir='ltr'>maioribus</span> <span class='ocrx_word' id='word_1_119' title='bbox 1601 2207 1780 2288; x_wconf 88' lang='lat' dir='ltr'>aliquando</span> <span class='ocrx_word' id='word_1_120' title='bbox 1796 2207 1872 2271; x_wconf 91' lang='lat' dir='ltr'>sub·</span> 
     </span>
     <span class='ocr_line' id='line_1_14' title="bbox 469 2319 1872 2400; baseline -0.001 -16"><span class='ocrx_word' id='word_1_121' title='bbox 469 2323 529 2385; x_wconf 94' lang='lat' dir='ltr'>diti</span> <span class='ocrx_word' id='word_1_122' title='bbox 552 2322 690 2385; x_wconf 81' lang='lat' dir='ltr'>luissent</span> <span class='ocrx_word' id='word_1_123' title='bbox 714 2321 812 2386; x_wconf 80' lang='lat' dir='ltr'>suis⁶.</span> <span class='ocrx_word' id='word_1_124' title='bbox 859 2321 927 2386; x_wconf 91' lang='lat' dir='ltr'>Sed</span> <span class='ocrx_word' id='word_1_125' title='bbox 951 2331 984 2384; x_wconf 89' lang='lat' dir='ltr'>et</span> <span class='ocrx_word' id='word_1_126' title='bbox 1008 2321 1166 2384; x_wconf 81' lang='lat' dir='ltr'>refutatur</span> <span class='ocrx_word' id='word_1_127' title='bbox 1187 2323 1213 2382; x_wconf 92' lang='lat' dir='ltr'>is</span> <span class='ocrx_word' id='word_1_128' title='bbox 1234 2343 1254 2383; x_wconf 93' lang='lat' dir='ltr'>a</span> <span class='ocrx_word' id='word_1_129' title='bbox 1276 2320 1437 2384; x_wconf 90' lang='lat' dir='ltr'>Romanis</span> <span class='ocrx_word' id='word_1_130' title='bbox 1460 2321 1577 2382; x_wconf 90' lang='lat' dir='ltr'>eodem</span> <span class='ocrx_word' id='word_1_131' title='bbox 1601 2319 1668 2382; x_wconf 92' lang='lat' dir='ltr'>iure</span> <span class='ocrx_word' id='word_1_132' title='bbox 1692 2320 1872 2400; x_wconf 90' lang='lat' dir='ltr'>praescrip·</span> 
     </span>
     <span class='ocr_line' id='line_1_15' title="bbox 467 2429 1870 2514; baseline -0.004 -18"><span class='ocrx_word' id='word_1_133' title='bbox 467 2434 576 2496; x_wconf 90' lang='lat' dir='ltr'>tionis.</span> <span class='ocrx_word' id='word_1_134' title='bbox 606 2434 694 2514; x_wconf 93' lang='lat' dir='ltr'>quod</span> <span class='ocrx_word' id='word_1_135' title='bbox 712 2434 773 2495; x_wconf 91' lang='lat' dir='ltr'>etsi</span> <span class='ocrx_word' id='word_1_136' title='bbox 793 2453 935 2513; x_wconf 90' lang='lat' dir='ltr'>proauus</span> <span class='ocrx_word' id='word_1_137' title='bbox 951 2433 1019 2494; x_wconf 89' lang='lat' dir='ltr'>eius</span> <span class='ocrx_word' id='word_1_138' title='bbox 1035 2453 1093 2514; x_wconf 89' lang='lat' dir='ltr'>per</span> <span class='ocrx_word' id='word_1_139' title='bbox 1108 2432 1231 2494; x_wconf 86' lang='lat' dir='ltr'>bellum</span> <span class='ocrx_word' id='word_1_140' title='bbox 1247 2431 1399 2494; x_wconf 89' lang='lat' dir='ltr'>habuerit</span> <span class='ocrx_word' id='word_1_141' title='bbox 1416 2431 1512 2493; x_wconf 93' lang='lat' dir='ltr'>urbes</span> <span class='ocrx_word' id='word_1_142' title='bbox 1529 2429 1619 2506; x_wconf 91' lang='lat' dir='ltr'>illas;</span> <span class='ocrx_word' id='word_1_143' title='bbox 1645 2440 1739 2511; x_wconf 89' lang='lat' dir='ltr'>pater</span> <span class='ocrx_word' id='word_1_144' title='bbox 1759 2439 1870 2492; x_wconf 89' lang='lat' dir='ltr'>tamen</span> 
     </span>
     <span class='ocr_line' id='line_1_16' title="bbox 468 2541 1871 2625; baseline -0.004 -19"><span class='ocrx_word' id='word_1_145' title='bbox 468 2555 501 2608; x_wconf 90' lang='lat' dir='ltr'>et</span> <span class='ocrx_word' id='word_1_146' title='bbox 524 2563 606 2606; x_wconf 89' lang='lat' dir='ltr'>auus</span> <span class='ocrx_word' id='word_1_147' title='bbox 629 2564 695 2606; x_wconf 91' lang='lat' dir='ltr'>non</span> <span class='ocrx_word' id='word_1_148' title='bbox 718 2542 913 2606; x_wconf 88' lang='lat' dir='ltr'>habuerint:</span> <span class='ocrx_word' id='word_1_149' title='bbox 938 2553 970 2606; x_wconf 89' lang='lat' dir='ltr'>et</span> <span class='ocrx_word' id='word_1_150' title='bbox 991 2545 1082 2624; x_wconf 89' lang='lat' dir='ltr'>ipsae</span> <span class='ocrx_word' id='word_1_151' title='bbox 1097 2544 1193 2605; x_wconf 89' lang='lat' dir='ltr'>urbes</span> <span class='ocrx_word' id='word_1_152' title='bbox 1217 2563 1274 2625; x_wconf 93' lang='lat' dir='ltr'>per</span> <span class='ocrx_word' id='word_1_153' title='bbox 1298 2542 1419 2605; x_wconf 89' lang='lat' dir='ltr'>multos</span> <span class='ocrx_word' id='word_1_154' title='bbox 1437 2561 1549 2619; x_wconf 87' lang='lat' dir='ltr'>annos,</span> <span class='ocrx_word' id='word_1_155' title='bbox 1565 2541 1657 2604; x_wconf 91' lang='lat' dir='ltr'>nullo</span> <span class='ocrx_word' id='word_1_156' title='bbox 1672 2541 1871 2621; x_wconf 83' lang='lat' dir='ltr'>ambigente,</span> 
     </span>
     <span class='ocr_line' id='line_1_17' title="bbox 468 2651 1870 2736; baseline -0.004 -19"><span class='ocrx_word' id='word_1_157' title='bbox 468 2664 665 2736; x_wconf 90' lang='lat' dir='ltr'>usurparunt</span> <span class='ocrx_word' id='word_1_158' title='bbox 687 2653 883 2718; x_wconf 89' lang='lat' dir='ltr'>libertatem.</span> <span class='ocrx_word' id='word_1_159' title='bbox 931 2654 996 2716; x_wconf 91' lang='lat' dir='ltr'>Hic</span> <span class='ocrx_word' id='word_1_160' title='bbox 1020 2653 1137 2716; x_wconf 91' lang='lat' dir='ltr'>nobilis</span> <span class='ocrx_word' id='word_1_161' title='bbox 1160 2663 1209 2716; x_wconf 92' lang='lat' dir='ltr'>est</span> <span class='ocrx_word' id='word_1_162' title='bbox 1233 2653 1331 2729; x_wconf 92' lang='lat' dir='ltr'>lusus,</span> <span class='ocrx_word' id='word_1_163' title='bbox 1349 2673 1450 2735; x_wconf 90' lang='lat' dir='ltr'>quem</span> <span class='ocrx_word' id='word_1_164' title='bbox 1473 2673 1566 2734; x_wconf 87' lang='lat' dir='ltr'>reges</span> <span class='ocrx_word' id='word_1_165' title='bbox 1589 2654 1635 2714; x_wconf 92' lang='lat' dir='ltr'>sic</span> <span class='ocrx_word' id='word_1_166' title='bbox 1658 2651 1784 2728; x_wconf 92' lang='lat' dir='ltr'>ludunt,</span> <span class='ocrx_word' id='word_1_167' title='bbox 1806 2671 1870 2713; x_wconf 90' lang='lat' dir='ltr'>res-</span> 
     </span>
     <span class='ocr_line' id='line_1_18' title="bbox 468 2763 1871 2848; baseline -0.002 -21"><span class='ocrx_word' id='word_1_168' title='bbox 468 2765 620 2848; x_wconf 85' lang='lat' dir='ltr'>publicae</span> <span class='ocrx_word' id='word_1_169' title='bbox 643 2773 677 2827; x_wconf 92' lang='lat' dir='ltr'>et</span> <span class='ocrx_word' id='word_1_170' title='bbox 699 2766 920 2846; x_wconf 87' lang='lat' dir='ltr'>imperatores,</span> <span class='ocrx_word' id='word_1_171' title='bbox 940 2774 973 2827; x_wconf 87' lang='lat' dir='ltr'>et</span> <span class='ocrx_word' id='word_1_172' title='bbox 996 2765 1046 2828; x_wconf 95' lang='lat' dir='ltr'>cui</span> <span class='ocrx_word' id='word_1_173' title='bbox 1070 2766 1116 2827; x_wconf 93' lang='lat' dir='ltr'>sic</span> <span class='ocrx_word' id='word_1_174' title='bbox 1140 2774 1190 2828; x_wconf 89' lang='lat' dir='ltr'>est</span> <span class='ocrx_word' id='word_1_175' title='bbox 1212 2764 1377 2828; x_wconf 88' lang='lat' dir='ltr'>theatrum</span> <span class='ocrx_word' id='word_1_176' title='bbox 1397 2764 1484 2827; x_wconf 93' lang='lat' dir='ltr'>orbis</span> <span class='ocrx_word' id='word_1_177' title='bbox 1506 2773 1664 2826; x_wconf 91' lang='lat' dir='ltr'>terrarum</span> <span class='ocrx_word' id='word_1_178' title='bbox 1687 2763 1793 2824; x_wconf 91' lang='lat' dir='ltr'>omnis</span> <span class='ocrx_word' id='word_1_179' title='bbox 1813 2782 1871 2844; x_wconf 89' lang='lat' dir='ltr'>per</span> 
     </span>
     <span class='ocr_line' id='line_1_19' title="bbox 467 2873 1940 2958; baseline -0.003 -17"><span class='ocrx_word' id='word_1_180' title='bbox 467 2877 577 2941; x_wconf 90' lang='lat' dir='ltr'>secula</span> <span class='ocrx_word' id='word_1_181' title='bbox 593 2875 713 2940; x_wconf 89' lang='lat' dir='ltr'>omnia.</span> <span class='ocrx_word' id='word_1_182' title='bbox 729 2877 818 2957; x_wconf 91' lang='lat' dir='ltr'>quod</span> <span class='ocrx_word' id='word_1_183' title='bbox 835 2875 1003 2957; x_wconf 86' lang='lat' dir='ltr'>eleganter</span> <span class='ocrx_word' id='word_1_184' title='bbox 1018 2877 1192 2939; x_wconf 88' lang='lat' dir='ltr'>aduersum</span> <span class='ocrx_word' id='word_1_185' title='bbox 1209 2876 1269 2939; x_wconf 91' lang='lat' dir='ltr'>has</span> <span class='ocrx_word' id='word_1_186' title='bbox 1285 2877 1373 2958; x_wconf 89' lang='lat' dir='ltr'>ipsas</span> <span class='ocrx_word' id='word_1_187' title='bbox 1392 2874 1508 2957; x_wconf 89' lang='lat' dir='ltr'>longas</span> <span class='ocrx_word' id='word_1_188' title='bbox 1525 2874 1698 2937; x_wconf 89' lang='lat' dir='ltr'>memorias</span> <span class='ocrx_word' id='word_1_189' title='bbox 1715 2873 1870 2956; x_wconf 87' lang='lat' dir='ltr'>Montag·</span> <span class='ocrx_word' id='word_1_190' title='bbox 1939 2923 1940 2929; x_wconf 13' lang='grc' dir='ltr'><strong>κ</strong></span> 
     </span>
     <span class='ocr_line' id='line_1_20' title="bbox 469 2985 1872 3069; baseline -0.001 -19"><span class='ocrx_word' id='word_1_191' title='bbox 469 3009 558 3066; x_wconf 89' lang='lat' dir='ltr'>neus,</span> <span class='ocrx_word' id='word_1_192' title='bbox 591 2986 697 3050; x_wconf 89' lang='lat' dir='ltr'>clarus</span> <span class='ocrx_word' id='word_1_193' title='bbox 730 2987 869 3068; x_wconf 87' lang='lat' dir='ltr'>scriptor</span> <span class='ocrx_word' id='word_1_194' title='bbox 896 2985 1020 3049; x_wconf 90' lang='lat' dir='ltr'>Gallus.</span> <span class='ocrx_word' id='word_1_195' title='bbox 1051 2996 1085 3049; x_wconf 91' lang='lat' dir='ltr'>et</span> <span class='ocrx_word' id='word_1_196' title='bbox 1118 2987 1228 3069; x_wconf 89' lang='lat' dir='ltr'>itaque</span> <span class='ocrx_word' id='word_1_197' title='bbox 1260 2989 1309 3049; x_wconf 91' lang='lat' dir='ltr'>ius</span> <span class='ocrx_word' id='word_1_198' title='bbox 1339 2985 1603 3068; x_wconf 88' lang='lat' dir='ltr'>praescriptionis</span> <span class='ocrx_word' id='word_1_199' title='bbox 1634 2985 1721 3048; x_wconf 90' lang='lat' dir='ltr'>istud</span> <span class='ocrx_word' id='word_1_200' title='bbox 1753 2995 1786 3048; x_wconf 88' lang='lat' dir='ltr'>et</span> <span class='ocrx_word' id='word_1_201' title='bbox 1819 2985 1872 3048; x_wconf 88' lang='lat' dir='ltr'>hic</span> 
     </span>
     <span class='ocr_line' id='line_1_21' title="bbox 468 3096 1871 3180; baseline -0.004 -18"><span class='ocrx_word' id='word_1_202' title='bbox 468 3101 601 3162; x_wconf 90' lang='lat' dir='ltr'>iustum.</span> <span class='ocrx_word' id='word_1_203' title='bbox 649 3097 735 3162; x_wconf 89' lang='lat' dir='ltr'>Sunt</span> <span class='ocrx_word' id='word_1_204' title='bbox 754 3119 832 3160; x_wconf 90' lang='lat' dir='ltr'>uero</span> <span class='ocrx_word' id='word_1_205' title='bbox 852 3097 1046 3178; x_wconf 89' lang='lat' dir='ltr'>interpretes</span> <span class='ocrx_word' id='word_1_206' title='bbox 1065 3097 1150 3173; x_wconf 91' lang='lat' dir='ltr'>iuris,</span> <span class='ocrx_word' id='word_1_207' title='bbox 1168 3099 1223 3178; x_wconf 90' lang='lat' dir='ltr'>qui</span> <span class='ocrx_word' id='word_1_208' title='bbox 1243 3099 1287 3160; x_wconf 90' lang='lat' dir='ltr'>sic</span> <span class='ocrx_word' id='word_1_209' title='bbox 1307 3106 1479 3180; x_wconf 84' lang='lat' dir='ltr'>exponunt</span> <span class='ocrx_word' id='word_1_210' title='bbox 1499 3098 1541 3159; x_wconf 89' lang='lat' dir='ltr'>de</span> <span class='ocrx_word' id='word_1_211' title='bbox 1565 3116 1640 3178; x_wconf 87' lang='lat' dir='ltr'>rege</span> <span class='ocrx_word' id='word_1_212' title='bbox 1660 3096 1871 3172; x_wconf 87' lang='lat' dir='ltr'>Francorum,</span> 
     </span>
     <span class='ocr_line' id='line_1_22' title="bbox 469 3208 1871 3291; baseline -0.002 -18"><span class='ocrx_word' id='word_1_213' title='bbox 469 3229 544 3273; x_wconf 92' lang='lat' dir='ltr'>eum</span> <span class='ocrx_word' id='word_1_214' title='bbox 576 3209 833 3291; x_wconf 90' lang='lat' dir='ltr'>praescriptione</span> <span class='ocrx_word' id='word_1_215' title='bbox 863 3209 980 3272; x_wconf 90' lang='lat' dir='ltr'>saltem</span> <span class='ocrx_word' id='word_1_216' title='bbox 1009 3229 1081 3272; x_wconf 90' lang='lat' dir='ltr'>esse</span> <span class='ocrx_word' id='word_1_217' title='bbox 1104 3218 1298 3290; x_wconf 88' lang='lat' dir='ltr'>exemptum</span> <span class='ocrx_word' id='word_1_218' title='bbox 1329 3210 1372 3271; x_wconf 92' lang='lat' dir='ltr'>ab</span> <span class='ocrx_word' id='word_1_219' title='bbox 1399 3209 1604 3290; x_wconf 87' lang='lat' dir='ltr'>imperatoris</span> <span class='ocrx_word' id='word_1_220' title='bbox 1635 3208 1871 3271; x_wconf 81' lang='lat' dir='ltr'>subiectione⁶.</span> 
     </span>
     <span class='ocr_line' id='line_1_23' title="bbox 470 3319 1872 3402; baseline -0.003 -17"><span class='ocrx_word' id='word_1_221' title='bbox 470 3321 593 3386; x_wconf 90' lang='lat' dir='ltr'>Contra</span> <span class='ocrx_word' id='word_1_222' title='bbox 617 3342 700 3402; x_wconf 92' lang='lat' dir='ltr'>quos</span> <span class='ocrx_word' id='word_1_223' title='bbox 730 3341 796 3384; x_wconf 91' lang='lat' dir='ltr'>non</span> <span class='ocrx_word' id='word_1_224' title='bbox 826 3330 905 3402; x_wconf 92' lang='lat' dir='ltr'>apte</span> <span class='ocrx_word' id='word_1_225' title='bbox 930 3321 1026 3384; x_wconf 87' lang='lat' dir='ltr'>affert</span> <span class='ocrx_word' id='word_1_226' title='bbox 1049 3319 1209 3396; x_wconf 90' lang='lat' dir='ltr'>Alciatus,</span> <span class='ocrx_word' id='word_1_227' title='bbox 1233 3321 1320 3402; x_wconf 93' lang='lat' dir='ltr'>quod</span> <span class='ocrx_word' id='word_1_228' title='bbox 1353 3321 1442 3382; x_wconf 90' lang='lat' dir='ltr'>nulla</span> <span class='ocrx_word' id='word_1_229' title='bbox 1468 3322 1627 3402; x_wconf 90' lang='lat' dir='ltr'>temporis</span> <span class='ocrx_word' id='word_1_230' title='bbox 1658 3320 1872 3402; x_wconf 89' lang='lat' dir='ltr'>praescriptio</span> 
     </span>
     <span class='ocr_line' id='line_1_24' title="bbox 468 3431 1872 3513; baseline -0.001 -18"><span class='ocrx_word' id='word_1_231' title='bbox 468 3433 616 3496; x_wconf 90' lang='lat' dir='ltr'>obtineat</span> <span class='ocrx_word' id='word_1_232' title='bbox 641 3441 753 3495; x_wconf 89' lang='lat' dir='ltr'>contra</span> <span class='ocrx_word' id='word_1_233' title='bbox 779 3431 985 3513; x_wconf 72' lang='lat' dir='ltr'>imperiuml.</span> <span class='ocrx_word' id='word_1_234' title='bbox 1033 3432 1109 3495; x_wconf 90' lang='lat' dir='ltr'>Hoc</span> <span class='ocrx_word' id='word_1_235' title='bbox 1137 3432 1223 3494; x_wconf 90' lang='lat' dir='ltr'>enim</span> <span class='ocrx_word' id='word_1_236' title='bbox 1249 3453 1308 3496; x_wconf 92' lang='lat' dir='ltr'>nec</span> <span class='ocrx_word' id='word_1_237' title='bbox 1336 3441 1385 3495; x_wconf 91' lang='lat' dir='ltr'>est</span> <span class='ocrx_word' id='word_1_238' title='bbox 1409 3453 1523 3495; x_wconf 91' lang='lat' dir='ltr'>uerum</span> <span class='ocrx_word' id='word_1_239' title='bbox 1555 3432 1587 3494; x_wconf 92' lang='lat' dir='ltr'>in</span> <span class='ocrx_word' id='word_1_240' title='bbox 1613 3431 1872 3513; x_wconf 88' lang='lat' dir='ltr'>praescriptione</span> 
     </span>
     <span class='ocr_line' id='line_1_25' title="bbox 468 3543 1872 3627; baseline 0.001 -20"><span class='ocrx_word' id='word_1_241' title='bbox 468 3543 626 3625; x_wconf 88' lang='lat' dir='ltr'>temporis</span> <span class='ocrx_word' id='word_1_242' title='bbox 658 3545 727 3606; x_wconf 91' lang='lat' dir='ltr'>eius</span> <span class='ocrx_word' id='word_1_243' title='bbox 758 3545 850 3607; x_wconf 92' lang='lat' dir='ltr'>cuius</span> <span class='ocrx_word' id='word_1_244' title='bbox 880 3545 964 3607; x_wconf 91' lang='lat' dir='ltr'>initii</span> <span class='ocrx_word' id='word_1_245' title='bbox 992 3564 1057 3607; x_wconf 91' lang='lat' dir='ltr'>non</span> <span class='ocrx_word' id='word_1_246' title='bbox 1089 3554 1184 3607; x_wconf 88' lang='lat' dir='ltr'>extet</span> <span class='ocrx_word' id='word_1_247' title='bbox 1215 3545 1391 3607; x_wconf 87' lang='lat' dir='ltr'>memoria:</span> <span class='ocrx_word' id='word_1_248' title='bbox 1426 3547 1459 3608; x_wconf 95' lang='lat' dir='ltr'>id</span> <span class='ocrx_word' id='word_1_249' title='bbox 1490 3554 1540 3608; x_wconf 89' lang='lat' dir='ltr'>est</span> <span class='ocrx_word' id='word_1_250' title='bbox 1568 3566 1670 3627; x_wconf 91' lang='lat' dir='ltr'>quum</span> <span class='ocrx_word' id='word_1_251' title='bbox 1700 3565 1807 3624; x_wconf 88' lang='lat' dir='ltr'>nem0,</span> <span class='ocrx_word' id='word_1_252' title='bbox 1834 3553 1872 3608; x_wconf 91' lang='lat' dir='ltr'>ut</span> 
     </span>
     <span class='ocr_line' id='line_1_26' title="bbox 468 3655 1872 3737; baseline 0.001 -18"><span class='ocrx_word' id='word_1_253' title='bbox 468 3656 686 3719; x_wconf 89' lang='lat' dir='ltr'>communiter</span> <span class='ocrx_word' id='word_1_254' title='bbox 709 3655 859 3733; x_wconf 92' lang='lat' dir='ltr'>creditur,</span> <span class='ocrx_word' id='word_1_255' title='bbox 879 3667 936 3733; x_wconf 90' lang='lat' dir='ltr'>est,</span> <span class='ocrx_word' id='word_1_256' title='bbox 953 3656 1008 3737; x_wconf 93' lang='lat' dir='ltr'>qui</span> <span class='ocrx_word' id='word_1_257' title='bbox 1031 3665 1090 3719; x_wconf 92' lang='lat' dir='ltr'>aut</span> <span class='ocrx_word' id='word_1_258' title='bbox 1112 3657 1182 3737; x_wconf 94' lang='lat' dir='ltr'>ipse</span> <span class='ocrx_word' id='word_1_259' title='bbox 1206 3656 1334 3734; x_wconf 90' lang='lat' dir='ltr'>uiderit,</span> <span class='ocrx_word' id='word_1_260' title='bbox 1351 3667 1409 3720; x_wconf 92' lang='lat' dir='ltr'>aut</span> <span class='ocrx_word' id='word_1_261' title='bbox 1431 3657 1474 3719; x_wconf 88' lang='lat' dir='ltr'>ab</span> <span class='ocrx_word' id='word_1_262' title='bbox 1497 3657 1570 3721; x_wconf 88' lang='lat' dir='ltr'>aliis</span> <span class='ocrx_word' id='word_1_263' title='bbox 1592 3657 1734 3720; x_wconf 89' lang='lat' dir='ltr'>audierit</span> <span class='ocrx_word' id='word_1_264' title='bbox 1757 3666 1872 3721; x_wconf 90' lang='lat' dir='ltr'>contra</span> 
     </span>
     <span class='ocr_line' id='line_1_27' title="bbox 467 3766 1871 3850; baseline 0.002 -22"><span class='ocrx_word' id='word_1_265' title='bbox 467 3787 567 3849; x_wconf 92' lang='lat' dir='ltr'>quam</span> <span class='ocrx_word' id='word_1_266' title='bbox 596 3786 681 3829; x_wconf 89' lang='lat' dir='ltr'>nunc</span> <span class='ocrx_word' id='word_1_267' title='bbox 706 3775 765 3830; x_wconf 89' lang='lat' dir='ltr'>est.</span> <span class='ocrx_word' id='word_1_268' title='bbox 795 3775 828 3830; x_wconf 93' lang='lat' dir='ltr'>et</span> <span class='ocrx_word' id='word_1_269' title='bbox 853 3767 885 3830; x_wconf 96' lang='lat' dir='ltr'>id</span> <span class='ocrx_word' id='word_1_270' title='bbox 913 3777 964 3831; x_wconf 89' lang='lat' dir='ltr'>est</span> <span class='ocrx_word' id='word_1_271' title='bbox 990 3777 1122 3850; x_wconf 87' lang='lat' dir='ltr'>tempus</span> <span class='ocrx_word' id='word_1_272' title='bbox 1145 3778 1278 3832; x_wconf 88' lang='lat' dir='ltr'>centum</span> <span class='ocrx_word' id='word_1_273' title='bbox 1305 3789 1465 3831; x_wconf 89' lang='lat' dir='ltr'>annorum</span> <span class='ocrx_word' id='word_1_274' title='bbox 1476 3766 1498 3829; x_wconf 80' lang='lat'>⁸.</span> <span class='ocrx_word' id='word_1_275' title='bbox 1544 3766 1680 3850; x_wconf 89' lang='lat' dir='ltr'>Alioqui</span> <span class='ocrx_word' id='word_1_276' title='bbox 1712 3769 1871 3831; x_wconf 90' lang='lat' dir='ltr'>memoria</span> 
     </span>
     <span class='ocr_line' id='line_1_28' title="bbox 467 3876 1873 3962; baseline 0.001 -21"><span class='ocrx_word' id='word_1_277' title='bbox 467 3879 509 3942; x_wconf 91' lang='lat' dir='ltr'>ab</span> <span class='ocrx_word' id='word_1_278' title='bbox 532 3877 676 3941; x_wconf 91' lang='lat' dir='ltr'>historiis</span> <span class='ocrx_word' id='word_1_279' title='bbox 698 3876 831 3941; x_wconf 92' lang='lat' dir='ltr'>aliunde</span> <span class='ocrx_word' id='word_1_280' title='bbox 854 3878 968 3942; x_wconf 88' lang='lat' dir='ltr'>deesse</span> <span class='ocrx_word' id='word_1_281' title='bbox 988 3881 1047 3942; x_wconf 87' lang='lat' dir='ltr'>uix</span> <span class='ocrx_word' id='word_1_282' title='bbox 1068 3879 1165 3945; x_wconf 90' lang='lat' dir='ltr'>ualet.</span> <span class='ocrx_word' id='word_1_283' title='bbox 1212 3880 1265 3944; x_wconf 92' lang='lat' dir='ltr'>Ita</span> <span class='ocrx_word' id='word_1_284' title='bbox 1284 3901 1362 3944; x_wconf 93' lang='lat' dir='ltr'>uero</span> <span class='ocrx_word' id='word_1_285' title='bbox 1386 3900 1515 3942; x_wconf 89' lang='lat' dir='ltr'>mecum</span> <span class='ocrx_word' id='word_1_286' title='bbox 1539 3880 1581 3942; x_wconf 89' lang='lat' dir='ltr'>de</span> <span class='ocrx_word' id='word_1_287' title='bbox 1603 3881 1666 3942; x_wconf 88' lang='lat' dir='ltr'>ista</span> <span class='ocrx_word' id='word_1_288' title='bbox 1690 3880 1873 3962; x_wconf 87' lang='lat' dir='ltr'>praescrip-</span> 
     </span>
     <span class='ocr_line' id='line_1_29' title="bbox 466 3990 1870 4074; baseline 0.001 -22"><span class='ocrx_word' id='word_1_289' title='bbox 466 3990 557 4053; x_wconf 91' lang='lat' dir='ltr'>tione</span> <span class='ocrx_word' id='word_1_290' title='bbox 579 3990 737 4071; x_wconf 88' lang='lat' dir='ltr'>temporis</span> <span class='ocrx_word' id='word_1_291' title='bbox 758 3991 1028 4054; x_wconf 90' lang='lat' dir='ltr'>immemorabilis</span> <span class='ocrx_word' id='word_1_292' title='bbox 1049 3991 1204 4055; x_wconf 87' lang='lat' dir='ltr'>adfirmat</span> <span class='ocrx_word' id='word_1_293' title='bbox 1225 4001 1302 4074; x_wconf 90' lang='lat' dir='ltr'>post</span> <span class='ocrx_word' id='word_1_294' title='bbox 1323 3991 1500 4073; x_wconf 87' lang='lat' dir='ltr'>Angelum,</span> <span class='ocrx_word' id='word_1_295' title='bbox 1523 3990 1673 4068; x_wconf 91' lang='lat' dir='ltr'>Decium,</span> <span class='ocrx_word' id='word_1_296' title='bbox 1695 3991 1870 4054; x_wconf 90' lang='lat' dir='ltr'>Bellonum</span> 
     </span>
     <span class='ocr_line' id='line_1_30' title="bbox 467 4102 1871 4184; baseline 0 -19"><span class='ocrx_word' id='word_1_297' title='bbox 467 4102 676 4165; x_wconf 89' lang='lat' dir='ltr'>doctissimus</span> <span class='ocrx_word' id='word_1_298' title='bbox 696 4111 890 4184; x_wconf 89' lang='lat' dir='ltr'>praeceptor</span> <span class='ocrx_word' id='word_1_299' title='bbox 911 4122 1002 4167; x_wconf 90' lang='lat' dir='ltr'>meus</span> <span class='ocrx_word' id='word_1_300' title='bbox 1019 4103 1066 4168; x_wconf 90' lang='lat' dir='ltr'>M.</span> <span class='ocrx_word' id='word_1_301' title='bbox 1082 4103 1251 4167; x_wconf 90' lang='lat' dir='ltr'>Antonius</span> <span class='ocrx_word' id='word_1_302' title='bbox 1270 4103 1439 4184; x_wconf 88' lang='lat' dir='ltr'>Eugenius</span> <span class='ocrx_word' id='word_1_303' title='bbox 1456 4103 1489 4164; x_wconf 93' lang='lat' dir='ltr'>in</span> <span class='ocrx_word' id='word_1_304' title='bbox 1506 4103 1669 4184; x_wconf 89' lang='lat' dir='ltr'>responsis</span> <span class='ocrx_word' id='word_1_305' title='bbox 1679 4103 1698 4166; x_wconf 68' lang='lat'>⁹.</span> <span class='ocrx_word' id='word_1_306' title='bbox 1746 4102 1871 4166; x_wconf 90' lang='lat' dir='ltr'>Contra</span> 
     </span>
     <span class='ocr_line' id='line_1_31' title="bbox 466 4212 1870 4296; baseline 0.001 -22"><span class='ocrx_word' id='word_1_307' title='bbox 466 4213 647 4294; x_wconf 91' lang='lat' dir='ltr'>principem</span> <span class='ocrx_word' id='word_1_308' title='bbox 664 4212 743 4274; x_wconf 91' lang='lat' dir='ltr'>item</span> <span class='ocrx_word' id='word_1_309' title='bbox 759 4212 868 4276; x_wconf 89' lang='lat' dir='ltr'>ualere</span> <span class='ocrx_word' id='word_1_310' title='bbox 888 4215 1178 4296; x_wconf 89' lang='lat' dir='ltr'>praescriptionem</span> <span class='ocrx_word' id='word_1_311' title='bbox 1195 4224 1328 4278; x_wconf 90' lang='lat' dir='ltr'>centurn</span> <span class='ocrx_word' id='word_1_312' title='bbox 1344 4233 1514 4291; x_wconf 89' lang='lat' dir='ltr'>annorum,</span> <span class='ocrx_word' id='word_1_313' title='bbox 1531 4215 1636 4296; x_wconf 85' lang='lat' dir='ltr'>magis</span> <span class='ocrx_word' id='word_1_314' title='bbox 1657 4213 1758 4277; x_wconf 89' lang='lat' dir='ltr'>etiam</span> <span class='ocrx_word' id='word_1_315' title='bbox 1780 4234 1870 4278; x_wconf 94' lang='lat' dir='ltr'>com·</span> 
     </span>
    </p>
   </div>
   <div class='ocr_carea' id='block_1_5' title="bbox 480 4467 1848 4699">
    <p class='ocr_par' dir='ltr' id='par_1_5' title="bbox 480 4467 1848 4699">
     <span class='ocr_line' id='line_1_32' title="bbox 480 4467 1848 4532; baseline 0.001 -16"><span class='ocrx_word' id='word_1_316' title='bbox 480 4469 488 4498; x_wconf 94' lang='lat'><strong>¹</strong></span> <span class='ocrx_word' id='word_1_317' title='bbox 506 4469 566 4518; x_wconf 86' lang='lat' dir='ltr'>Tac.</span> <span class='ocrx_word' id='word_1_318' title='bbox 579 4467 603 4518; x_wconf 86' lang='lat'>6.</span> <span class='ocrx_word' id='word_1_319' title='bbox 614 4469 680 4519; x_wconf 82' lang='lat' dir='ltr'>Ann.</span> <span class='ocrx_word' id='word_1_320' title='bbox 693 4482 732 4531; x_wconf 76' lang='lat'>31·</span> <span class='ocrx_word' id='word_1_321' title='bbox 799 4467 809 4495; x_wconf 85' lang='lat'><strong>¹</strong></span> <span class='ocrx_word' id='word_1_322' title='bbox 825 4469 879 4517; x_wconf 86' lang='lat' dir='ltr'>Ion.</span> <span class='ocrx_word' id='word_1_323' title='bbox 894 4481 933 4529; x_wconf 81' lang='lat'>30.</span> <span class='ocrx_word' id='word_1_324' title='bbox 946 4483 984 4530; x_wconf 82' lang='lat'>34.</span> <span class='ocrx_word' id='word_1_325' title='bbox 1059 4469 1069 4498; x_wconf 76' lang='lat'>³</span> <span class='ocrx_word' id='word_1_326' title='bbox 1087 4469 1190 4519; x_wconf 85' lang='lat' dir='ltr'>Herodi.</span> <span class='ocrx_word' id='word_1_327' title='bbox 1204 4470 1246 4520; x_wconf 78' lang='lat' dir='ltr'>lib,</span> <span class='ocrx_word' id='word_1_328' title='bbox 1259 4469 1282 4518; x_wconf 90' lang='lat'>6.</span> <span class='ocrx_word' id='word_1_329' title='bbox 1295 4486 1315 4520; x_wconf 91' lang='lat' dir='ltr'>c.</span> <span class='ocrx_word' id='word_1_330' title='bbox 1328 4470 1360 4530; x_wconf 89' lang='lat'>6;</span> <span class='ocrx_word' id='word_1_331' title='bbox 1377 4471 1438 4520; x_wconf 90' lang='lat' dir='ltr'>Zon.</span> <span class='ocrx_word' id='word_1_332' title='bbox 1450 4469 1494 4520; x_wconf 89' lang='lat' dir='ltr'>lib.</span> <span class='ocrx_word' id='word_1_333' title='bbox 1507 4485 1529 4532; x_wconf 89' lang='lat'>4.</span> <span class='ocrx_word' id='word_1_334' title='bbox 1543 4485 1563 4519; x_wconf 85' lang='lat' dir='ltr'>e.</span> <span class='ocrx_word' id='word_1_335' title='bbox 1577 4478 1621 4531; x_wconf 75' lang='lat'>173</span> <span class='ocrx_word' id='word_1_336' title='bbox 1639 4469 1724 4516; x_wconf 77' lang='lat' dir='ltr'>Amin.</span> <span class='ocrx_word' id='word_1_337' title='bbox 1740 4479 1777 4530; x_wconf 83' lang='lat'>17.</span> <span class='ocrx_word' id='word_1_338' title='bbox 1791 4483 1812 4516; x_wconf 92' lang='lat' dir='ltr'>c.</span> <span class='ocrx_word' id='word_1_339' title='bbox 1825 4480 1848 4529; x_wconf 84' lang='lat'>5.</span> 
     </span>
     <span class='ocr_line' id='line_1_33' title="bbox 528 4549 1802 4618; baseline 0 -19"><span class='ocrx_word' id='word_1_340' title='bbox 528 4550 804 4615; x_wconf 79' lang='lat' dir='ltr'>‘Liu.iib.34.c.62.</span> <span class='ocrx_word' id='word_1_341' title='bbox 891 4549 985 4616; x_wconf 77' lang='lat' dir='ltr'>⁵App.</span> <span class='ocrx_word' id='word_1_342' title='bbox 997 4550 1050 4614; x_wconf 85' lang='lat' dir='ltr'>Syr.</span> <span class='ocrx_word' id='word_1_343' title='bbox 1063 4552 1199 4608; x_wconf 86' lang='lat' dir='ltr'>c.r;Liu.</span> <span class='ocrx_word' id='word_1_344' title='bbox 1213 4567 1250 4615; x_wconf 78' lang='lat'>33.</span> <span class='ocrx_word' id='word_1_345' title='bbox 1263 4569 1284 4603; x_wconf 93' lang='lat' dir='ltr'>c.</span> <span class='ocrx_word' id='word_1_346' title='bbox 1296 4568 1336 4617; x_wconf 85' lang='lat'>40.</span> <span class='ocrx_word' id='word_1_347' title='bbox 1424 4552 1765 4618; x_wconf 77' lang='lat' dir='ltr'>⁸Fu1g.sacc.1.1‚c.tit.</span> <span class='ocrx_word' id='word_1_348' title='bbox 1781 4565 1802 4600; x_wconf 91' lang='lat'>1.</span> 
     </span>
     <span class='ocr_line' id='line_1_34' title="bbox 512 4631 1816 4699; baseline -0.001 -17"><span class='ocrx_word' id='word_1_349' title='bbox 512 4631 522 4662; x_wconf 72' lang='lat'>²</span> <span class='ocrx_word' id='word_1_350' title='bbox 540 4635 581 4683; x_wconf 87' lang='lat' dir='ltr'>Al.</span> <span class='ocrx_word' id='word_1_351' title='bbox 593 4634 610 4682; x_wconf 94' lang='lat' dir='ltr'>l.</span> <span class='ocrx_word' id='word_1_352' title='bbox 624 4649 646 4698; x_wconf 87' lang='lat'>5.</span> <span class='ocrx_word' id='word_1_353' title='bbox 658 4635 689 4683; x_wconf 87' lang='lat' dir='ltr'>de</span> <span class='ocrx_word' id='word_1_354' title='bbox 701 4635 757 4683; x_wconf 89' lang='lat' dir='ltr'>iust.</span> <span class='ocrx_word' id='word_1_355' title='bbox 770 4633 815 4696; x_wconf 88' lang='lat' dir='ltr'>(D.</span> <span class='ocrx_word' id='word_1_356' title='bbox 831 4647 851 4682; x_wconf 91' lang='lat'>1.</span> <span class='ocrx_word' id='word_1_357' title='bbox 866 4635 902 4696; x_wconf 91' lang='lat'>1).</span> <span class='ocrx_word' id='word_1_358' title='bbox 967 4633 977 4661; x_wconf 83' lang='lat'>⁸</span> <span class='ocrx_word' id='word_1_359' title='bbox 995 4634 1066 4682; x_wconf 85' lang='lat' dir='ltr'>Alex.</span> <span class='ocrx_word' id='word_1_360' title='bbox 1079 4648 1102 4696; x_wconf 87' lang='lat'>5.</span> <span class='ocrx_word' id='word_1_361' title='bbox 1117 4650 1186 4684; x_wconf 90' lang='lat' dir='ltr'>cons.</span> <span class='ocrx_word' id='word_1_362' title='bbox 1201 4633 1245 4692; x_wconf 86' lang='lat'>16;</span> <span class='ocrx_word' id='word_1_363' title='bbox 1264 4635 1319 4686; x_wconf 75' lang='lat' dir='ltr'>Alc„</span> <span class='ocrx_word' id='word_1_364' title='bbox 1334 4651 1356 4698; x_wconf 79' lang='lat'>5.</span> <span class='ocrx_word' id='word_1_365' title='bbox 1369 4651 1437 4684; x_wconf 89' lang='lat' dir='ltr'>cons.</span> <span class='ocrx_word' id='word_1_366' title='bbox 1452 4651 1489 4698; x_wconf 82' lang='lat'>²4·</span> <span class='ocrx_word' id='word_1_367' title='bbox 1556 4635 1566 4664; x_wconf 81' lang='lat'><em>⁰</em></span> <span class='ocrx_word' id='word_1_368' title='bbox 1583 4635 1648 4699; x_wconf 88' lang='lat' dir='ltr'>Eug.</span> <span class='ocrx_word' id='word_1_369' title='bbox 1663 4649 1682 4683; x_wconf 88' lang='lat'>1.</span> <span class='ocrx_word' id='word_1_370' title='bbox 1697 4649 1762 4683; x_wconf 91' lang='lat' dir='ltr'>cons.</span> <span class='ocrx_word' id='word_1_371' title='bbox 1776 4631 1816 4681; x_wconf 85' lang='lat'>86.</span> 
     </span>
    </p>
   </div>
   <div class='ocr_carea' id='block_1_6' title="bbox 0 0 2266 5570">
    <p class='ocr_par' dir='ltr' id='par_1_6' title="bbox 0 0 2266 5570">
     <span class='ocr_line' id='line_1_35' title="bbox 0 0 2266 5570; baseline 0 0"><span class='ocrx_word' id='word_1_372' title='bbox 0 0 2266 5570; x_wconf 95' lang='lat' dir='ltr'> </span> 
     </span>
    </p>
   </div>
  </div>
 </body>
</html>
