<?xml version="1.0" encoding="UTF-8"?>
<!DOCTYPE html PUBLIC "-//W3C//DTD XHTML 1.0 Transitional//EN"
    "http://www.w3.org/TR/xhtml1/DTD/xhtml1-transitional.dtd">
<html xmlns="http://www.w3.org/1999/xhtml" xml:lang="en" lang="en">
 <head>
  <title>
</title>
<meta http-equiv="Content-Type" content="text/html;charset=utf-8" />
  <meta name='ocr-system' content='tesseract 3.04.00' />
  <meta name='ocr-capabilities' content='ocr_page ocr_carea ocr_par ocr_line ocrx_word'/>
</head>
<body>
  <div class='ocr_page' id='page_1' title='image "albericigentili00gentgoog_0111.png"; bbox 0 0 4522 5570; ppageno 0'>
   <div class='ocr_carea' id='block_1_1' title="bbox 722 737 1806 818">
    <p class='ocr_par' dir='ltr' id='par_1_1' title="bbox 722 737 1806 818">
     <span class='ocr_line' id='line_1_1' title="bbox 722 737 1806 818; baseline 0.007 -29"><span class='ocrx_word' id='word_1_1' title='bbox 722 737 782 789; x_wconf 88' lang='lat' dir='ltr'>DE</span> <span class='ocrx_word' id='word_1_2' title='bbox 811 737 913 791; x_wconf 88' lang='lat' dir='ltr'><em>IURE</em></span> <span class='ocrx_word' id='word_1_3' title='bbox 942 738 1075 805; x_wconf 90' lang='lat' dir='ltr'><em>BELLI,</em></span> <span class='ocrx_word' id='word_1_4' title='bbox 1105 739 1233 804; x_wconf 88' lang='lat' dir='ltr'><em>LIB.I,</em></span> <span class='ocrx_word' id='word_1_5' title='bbox 1267 739 1353 795; x_wconf 86' lang='lat' dir='ltr'><em>CAP.</em></span> <span class='ocrx_word' id='word_1_6' title='bbox 1377 740 1493 796; x_wconf 88' lang='lat' dir='ltr'><em>XVIII.</em></span> <span class='ocrx_word' id='word_1_7' title='bbox 1766 749 1806 818; x_wconf 87' lang='lat'>79</span> 
     </span>
    </p>
   </div>
   <div class='ocr_carea' id='block_1_2' title="bbox 400 980 1805 2845">
    <p class='ocr_par' dir='ltr' id='par_1_2' title="bbox 400 980 1805 2845">
     <span class='ocr_line' id='line_1_2' title="bbox 406 980 1805 1065; baseline 0.005 -25"><span class='ocrx_word' id='word_1_8' title='bbox 406 988 534 1056; x_wconf 91' lang='lat' dir='ltr'>cauent‚</span> <span class='ocrx_word' id='word_1_9' title='bbox 557 980 703 1062; x_wconf 88' lang='lat' dir='ltr'>ipsorum</span> <span class='ocrx_word' id='word_1_10' title='bbox 730 982 975 1046; x_wconf 87' lang='lat' dir='ltr'>multitudinem</span> <span class='ocrx_word' id='word_1_11' title='bbox 1002 1004 1068 1046; x_wconf 92' lang='lat' dir='ltr'>non</span> <span class='ocrx_word' id='word_1_12' title='bbox 1094 984 1311 1065; x_wconf 84' lang='lat' dir='ltr'><strong>periculosam</strong></span> <span class='ocrx_word' id='word_1_13' title='bbox 1337 983 1414 1061; x_wconf 89' lang='lat' dir='ltr'>fore,</span> <span class='ocrx_word' id='word_1_14' title='bbox 1437 984 1511 1048; x_wconf 86' lang='lat' dir='ltr'>lusti</span> <span class='ocrx_word' id='word_1_15' title='bbox 1539 994 1622 1048; x_wconf 91' lang='lat' dir='ltr'>sunt.</span> <span class='ocrx_word' id='word_1_16' title='bbox 1654 985 1680 1048; x_wconf 92' lang='lat' dir='ltr'>si</span> <span class='ocrx_word' id='word_1_17' title='bbox 1704 986 1805 1050; x_wconf 89' lang='lat' dir='ltr'>cauti-</span> 
     </span>
     <span class='ocr_line' id='line_1_3' title="bbox 406 1092 1803 1176; baseline 0.006 -25"><span class='ocrx_word' id='word_1_18' title='bbox 406 1109 504 1152; x_wconf 88' lang='lat' dir='ltr'>onem</span> <span class='ocrx_word' id='word_1_19' title='bbox 523 1092 620 1154; x_wconf 90' lang='lat' dir='ltr'>istam</span> <span class='ocrx_word' id='word_1_20' title='bbox 640 1102 805 1174; x_wconf 87' lang='lat' dir='ltr'>praestare</span> <span class='ocrx_word' id='word_1_21' title='bbox 824 1104 1000 1175; x_wconf 87' lang='lat' dir='ltr'>nequeunt,</span> <span class='ocrx_word' id='word_1_22' title='bbox 1015 1095 1280 1176; x_wconf 86' lang='lat' dir='ltr'>impossibilitate</span> <span class='ocrx_word' id='word_1_23' title='bbox 1299 1104 1507 1172; x_wconf 86' lang='lat' dir='ltr'>excusantur,</span> <span class='ocrx_word' id='word_1_24' title='bbox 1522 1104 1560 1159; x_wconf 92' lang='lat' dir='ltr'>ut</span> <span class='ocrx_word' id='word_1_25' title='bbox 1578 1096 1655 1158; x_wconf 92' lang='lat' dir='ltr'>alibi</span> <span class='ocrx_word' id='word_1_26' title='bbox 1674 1097 1707 1158; x_wconf 92' lang='lat' dir='ltr'>in</span> <span class='ocrx_word' id='word_1_27' title='bbox 1726 1097 1803 1173; x_wconf 89' lang='lat' dir='ltr'>iure,</span> 
     </span>
     <span class='ocr_line' id='line_1_4' title="bbox 406 1201 1804 1290; baseline 0.006 -30"><span class='ocrx_word' id='word_1_28' title='bbox 406 1201 507 1262; x_wconf 91' lang='lat' dir='ltr'>etiam</span> <span class='ocrx_word' id='word_1_29' title='bbox 530 1202 724 1266; x_wconf 86' lang='lat' dir='ltr'>difficultate</span> <span class='ocrx_word' id='word_1_30' title='bbox 734 1201 754 1267; x_wconf 87' lang='lat'>¹.</span> <span class='ocrx_word' id='word_1_31' title='bbox 800 1204 930 1267; x_wconf 91' lang='lat' dir='ltr'>Bellum</span> <span class='ocrx_word' id='word_1_32' title='bbox 954 1226 1021 1268; x_wconf 92' lang='lat' dir='ltr'>non</span> <span class='ocrx_word' id='word_1_33' title='bbox 1043 1205 1183 1282; x_wconf 85' lang='lat' dir='ltr'>trahent,</span> <span class='ocrx_word' id='word_1_34' title='bbox 1204 1206 1231 1268; x_wconf 90' lang='lat' dir='ltr'>si</span> <span class='ocrx_word' id='word_1_35' title='bbox 1255 1225 1314 1268; x_wconf 93' lang='lat' dir='ltr'>nec</span> <span class='ocrx_word' id='word_1_36' title='bbox 1334 1205 1487 1268; x_wconf 91' lang='lat' dir='ltr'>uidentur</span> <span class='ocrx_word' id='word_1_37' title='bbox 1508 1216 1627 1288; x_wconf 87' lang='lat' dir='ltr'>sponte</span> <span class='ocrx_word' id='word_1_38' title='bbox 1650 1209 1804 1290; x_wconf 88' lang='lat' dir='ltr'>suscepti,</span> 
     </span>
     <span class='ocr_line' id='line_1_5' title="bbox 406 1312 1804 1397; baseline 0.008 -25"><span class='ocrx_word' id='word_1_39' title='bbox 406 1319 439 1373; x_wconf 91' lang='lat' dir='ltr'>et</span> <span class='ocrx_word' id='word_1_40' title='bbox 455 1331 515 1374; x_wconf 91' lang='lat' dir='ltr'>nec</span> <span class='ocrx_word' id='word_1_41' title='bbox 534 1312 754 1377; x_wconf 82' lang='lat' dir='ltr'>defendentur</span> <span class='ocrx_word' id='word_1_42' title='bbox 772 1325 886 1378; x_wconf 90' lang='lat' dir='ltr'>contra</span> <span class='ocrx_word' id='word_1_43' title='bbox 905 1324 1091 1397; x_wconf 84' lang='lat' dir='ltr'>repetentes</span> <span class='ocrx_word' id='word_1_44' title='bbox 1107 1317 1255 1378; x_wconf 91' lang='lat' dir='ltr'>uictores.</span> <span class='ocrx_word' id='word_1_45' title='bbox 1297 1317 1386 1378; x_wconf 92' lang='lat' dir='ltr'>Nam</span> <span class='ocrx_word' id='word_1_46' title='bbox 1405 1316 1431 1378; x_wconf 87' lang='lat' dir='ltr'>si</span> <span class='ocrx_word' id='word_1_47' title='bbox 1451 1316 1591 1380; x_wconf 90' lang='lat' dir='ltr'>uictores</span> <span class='ocrx_word' id='word_1_48' title='bbox 1607 1318 1716 1381; x_wconf 81' lang='lat' dir='ltr'>Iniusti</span> <span class='ocrx_word' id='word_1_49' title='bbox 1733 1339 1804 1383; x_wconf 90' lang='lat' dir='ltr'>esse</span> 
     </span>
     <span class='ocr_line' id='line_1_6' title="bbox 405 1421 1803 1511; baseline 0.008 -28"><span class='ocrx_word' id='word_1_50' title='bbox 405 1421 516 1500; x_wconf 91' lang='lat' dir='ltr'>uelint,</span> <span class='ocrx_word' id='word_1_51' title='bbox 541 1434 575 1488; x_wconf 91' lang='lat' dir='ltr'>et</span> <span class='ocrx_word' id='word_1_52' title='bbox 601 1426 735 1488; x_wconf 80' lang='lat' dir='ltr'>omniuo</span> <span class='ocrx_word' id='word_1_53' title='bbox 762 1426 887 1489; x_wconf 92' lang='lat' dir='ltr'>bellum</span> <span class='ocrx_word' id='word_1_54' title='bbox 915 1448 958 1490; x_wconf 89' lang='lat' dir='ltr'>ex</span> <span class='ocrx_word' id='word_1_55' title='bbox 985 1427 1073 1491; x_wconf 91' lang='lat' dir='ltr'>bello</span> <span class='ocrx_word' id='word_1_56' title='bbox 1100 1449 1214 1505; x_wconf 86' lang='lat' dir='ltr'>serere,</span> <span class='ocrx_word' id='word_1_57' title='bbox 1239 1426 1364 1490; x_wconf 90' lang='lat' dir='ltr'>nullum</span> <span class='ocrx_word' id='word_1_58' title='bbox 1390 1427 1570 1491; x_wconf 89' lang='lat' dir='ltr'>remedium</span> <span class='ocrx_word' id='word_1_59' title='bbox 1595 1439 1750 1511; x_wconf 91' lang='lat' dir='ltr'>superest,</span> <span class='ocrx_word' id='word_1_60' title='bbox 1770 1440 1803 1494; x_wconf 95' lang='lat' dir='ltr'>et</span> 
     </span>
     <span class='ocr_line' id='line_1_7' title="bbox 405 1536 1803 1622; baseline 0.006 -26"><span class='ocrx_word' id='word_1_61' title='bbox 405 1536 520 1598; x_wconf 88' lang='lat' dir='ltr'>exules</span> <span class='ocrx_word' id='word_1_62' title='bbox 542 1537 640 1619; x_wconf 90' lang='lat' dir='ltr'>culpa</span> <span class='ocrx_word' id='word_1_63' title='bbox 663 1537 762 1601; x_wconf 91' lang='lat' dir='ltr'>soluti</span> <span class='ocrx_word' id='word_1_64' title='bbox 781 1547 874 1602; x_wconf 90' lang='lat' dir='ltr'>tanto</span> <span class='ocrx_word' id='word_1_65' title='bbox 898 1539 1003 1622; x_wconf 84' lang='lat' dir='ltr'>magis</span> <span class='ocrx_word' id='word_1_66' title='bbox 1026 1549 1112 1604; x_wconf 90' lang='lat' dir='ltr'>sunt.</span> <span class='ocrx_word' id='word_1_67' title='bbox 1160 1539 1272 1602; x_wconf 89' lang='lat' dir='ltr'>Etiam</span> <span class='ocrx_word' id='word_1_68' title='bbox 1296 1539 1375 1602; x_wconf 91' lang='lat' dir='ltr'>illud</span> <span class='ocrx_word' id='word_1_69' title='bbox 1391 1539 1499 1602; x_wconf 86' lang='lat' dir='ltr'>facere</span> <span class='ocrx_word' id='word_1_70' title='bbox 1517 1539 1649 1602; x_wconf 90' lang='lat' dir='ltr'>exsules</span> <span class='ocrx_word' id='word_1_71' title='bbox 1672 1541 1803 1620; x_wconf 88' lang='lat' dir='ltr'>debent,</span> 
     </span>
     <span class='ocr_line' id='line_1_8' title="bbox 404 1647 1802 1732; baseline 0.005 -25"><span class='ocrx_word' id='word_1_72' title='bbox 404 1647 493 1727; x_wconf 92' lang='lat' dir='ltr'>quod</span> <span class='ocrx_word' id='word_1_73' title='bbox 516 1667 576 1729; x_wconf 89' lang='lat' dir='ltr'>pro</span> <span class='ocrx_word' id='word_1_74' title='bbox 599 1649 774 1712; x_wconf 87' lang='lat' dir='ltr'>securitate</span> <span class='ocrx_word' id='word_1_75' title='bbox 796 1660 846 1712; x_wconf 91' lang='lat' dir='ltr'>est</span> <span class='ocrx_word' id='word_1_76' title='bbox 868 1658 1039 1728; x_wconf 90' lang='lat' dir='ltr'>statutum,</span> <span class='ocrx_word' id='word_1_77' title='bbox 1054 1659 1091 1714; x_wconf 94' lang='lat' dir='ltr'>ut</span> <span class='ocrx_word' id='word_1_78' title='bbox 1110 1651 1334 1732; x_wconf 90' lang='lat' dir='ltr'>patianturse</span> <span class='ocrx_word' id='word_1_79' title='bbox 1357 1650 1506 1732; x_wconf 84' lang='lat' dir='ltr'>disiungi.</span> <span class='ocrx_word' id='word_1_80' title='bbox 1553 1649 1693 1732; x_wconf 87' lang='lat' dir='ltr'>Semper</span> <span class='ocrx_word' id='word_1_81' title='bbox 1715 1654 1802 1714; x_wconf 88' lang='lat' dir='ltr'>enim</span> 
     </span>
     <span class='ocr_line' id='line_1_9' title="bbox 404 1757 1801 1844; baseline 0.005 -24"><span class='ocrx_word' id='word_1_82' title='bbox 404 1757 543 1822; x_wconf 90' lang='lat' dir='ltr'>debetur</span> <span class='ocrx_word' id='word_1_83' title='bbox 560 1761 700 1824; x_wconf 88' lang='lat' dir='ltr'>statibus</span> <span class='ocrx_word' id='word_1_84' title='bbox 718 1763 884 1825; x_wconf 86' lang='lat' dir='ltr'>securitas.</span> <span class='ocrx_word' id='word_1_85' title='bbox 928 1761 1046 1843; x_wconf 89' lang='lat' dir='ltr'>Atque</span> <span class='ocrx_word' id='word_1_86' title='bbox 1063 1761 1146 1825; x_wconf 89' lang='lat' dir='ltr'>haec</span> <span class='ocrx_word' id='word_1_87' title='bbox 1166 1763 1274 1825; x_wconf 85' lang='lat' dir='ltr'>cautio</span> <span class='ocrx_word' id='word_1_88' title='bbox 1294 1762 1339 1825; x_wconf 91' lang='lat' dir='ltr'>sic</span> <span class='ocrx_word' id='word_1_89' title='bbox 1358 1771 1506 1844; x_wconf 89' lang='lat' dir='ltr'>superest</span> <span class='ocrx_word' id='word_1_90' title='bbox 1525 1783 1665 1844; x_wconf 90' lang='lat' dir='ltr'>semper.</span> <span class='ocrx_word' id='word_1_91' title='bbox 1712 1764 1801 1827; x_wconf 91' lang='lat' dir='ltr'>Nam</span> 
     </span>
     <span class='ocr_line' id='line_1_10' title="bbox 404 1867 1802 1955; baseline 0.004 -24"><span class='ocrx_word' id='word_1_92' title='bbox 404 1867 471 1932; x_wconf 91' lang='lat' dir='ltr'>imo</span> <span class='ocrx_word' id='word_1_93' title='bbox 493 1869 546 1934; x_wconf 89' lang='lat' dir='ltr'>hle</span> <span class='ocrx_word' id='word_1_94' title='bbox 570 1892 635 1934; x_wconf 90' lang='lat' dir='ltr'>non</span> <span class='ocrx_word' id='word_1_95' title='bbox 659 1873 810 1950; x_wconf 91' lang='lat' dir='ltr'>admitto,</span> <span class='ocrx_word' id='word_1_96' title='bbox 826 1873 916 1954; x_wconf 92' lang='lat' dir='ltr'>quod</span> <span class='ocrx_word' id='word_1_97' title='bbox 939 1873 1039 1936; x_wconf 91' lang='lat' dir='ltr'>modo</span> <span class='ocrx_word' id='word_1_98' title='bbox 1061 1873 1213 1936; x_wconf 85' lang='lat' dir='ltr'>dicebam</span> <span class='ocrx_word' id='word_1_99' title='bbox 1237 1893 1280 1936; x_wconf 90' lang='lat' dir='ltr'>ex</span> <span class='ocrx_word' id='word_1_100' title='bbox 1304 1873 1373 1934; x_wconf 92' lang='lat' dir='ltr'>iure</span> <span class='ocrx_word' id='word_1_101' title='bbox 1391 1873 1529 1955; x_wconf 88' lang='lat' dir='ltr'>priuato,</span> <span class='ocrx_word' id='word_1_102' title='bbox 1547 1874 1590 1935; x_wconf 88' lang='lat' dir='ltr'>de</span> <span class='ocrx_word' id='word_1_103' title='bbox 1608 1873 1802 1937; x_wconf 88' lang='lat' dir='ltr'>difficultate</span> 
     </span>
     <span class='ocr_line' id='line_1_11' title="bbox 403 1982 1801 2065; baseline 0.003 -22"><span class='ocrx_word' id='word_1_104' title='bbox 403 1989 461 2044; x_wconf 92' lang='lat' dir='ltr'>aut</span> <span class='ocrx_word' id='word_1_105' title='bbox 491 1983 591 2045; x_wconf 88' lang='lat' dir='ltr'>etlam</span> <span class='ocrx_word' id='word_1_106' title='bbox 622 1982 888 2064; x_wconf 89' lang='lat' dir='ltr'>impossibiIitate</span> <span class='ocrx_word' id='word_1_107' title='bbox 921 1984 1090 2046; x_wconf 88' lang='lat' dir='ltr'>cautionis.</span> <span class='ocrx_word' id='word_1_108' title='bbox 1137 1983 1182 2046; x_wconf 88' lang='lat' dir='ltr'>Et</span> <span class='ocrx_word' id='word_1_109' title='bbox 1210 1985 1370 2046; x_wconf 91' lang='lat' dir='ltr'>rationem</span> <span class='ocrx_word' id='word_1_110' title='bbox 1402 1983 1605 2046; x_wconf 85' lang='lat' dir='ltr'>differentiae</span> <span class='ocrx_word' id='word_1_111' title='bbox 1632 1984 1801 2065; x_wconf 90' lang='lat' dir='ltr'>utriusque</span> 
     </span>
     <span class='ocr_line' id='line_1_12' title="bbox 403 2091 1801 2176; baseline 0.004 -24"><span class='ocrx_word' id='word_1_112' title='bbox 403 2091 480 2154; x_wconf 92' lang='lat' dir='ltr'>iuris</span> <span class='ocrx_word' id='word_1_113' title='bbox 504 2094 616 2156; x_wconf 88' lang='lat' dir='ltr'>notaui</span> <span class='ocrx_word' id='word_1_114' title='bbox 637 2104 745 2157; x_wconf 84' lang='lat' dir='ltr'>antea.</span> <span class='ocrx_word' id='word_1_115' title='bbox 803 2093 955 2170; x_wconf 80' lang='lat' dir='ltr'>ExsuleS,</span> <span class='ocrx_word' id='word_1_116' title='bbox 971 2095 1060 2176; x_wconf 94' lang='lat' dir='ltr'>quod</span> <span class='ocrx_word' id='word_1_117' title='bbox 1083 2115 1199 2158; x_wconf 89' lang='lat' dir='ltr'>omnes</span> <span class='ocrx_word' id='word_1_118' title='bbox 1221 2095 1327 2158; x_wconf 89' lang='lat' dir='ltr'>facere</span> <span class='ocrx_word' id='word_1_119' title='bbox 1350 2104 1510 2170; x_wconf 89' lang='lat' dir='ltr'>tenemur,</span> <span class='ocrx_word' id='word_1_120' title='bbox 1526 2094 1667 2157; x_wconf 91' lang='lat' dir='ltr'>subeant</span> <span class='ocrx_word' id='word_1_121' title='bbox 1690 2096 1801 2173; x_wconf 90' lang='lat' dir='ltr'>potius</span> 
     </span>
     <span class='ocr_line' id='line_1_13' title="bbox 401 2204 1800 2287; baseline 0.005 -24"><span class='ocrx_word' id='word_1_122' title='bbox 401 2222 500 2266; x_wconf 90' lang='lat' dir='ltr'>omne</span> <span class='ocrx_word' id='word_1_123' title='bbox 530 2204 663 2280; x_wconf 89' lang='lat' dir='ltr'>malum,</span> <span class='ocrx_word' id='word_1_124' title='bbox 694 2224 795 2287; x_wconf 91' lang='lat' dir='ltr'>quam</span> <span class='ocrx_word' id='word_1_125' title='bbox 825 2214 861 2268; x_wconf 91' lang='lat' dir='ltr'>ut</span> <span class='ocrx_word' id='word_1_126' title='bbox 892 2226 967 2268; x_wconf 92' lang='lat' dir='ltr'>cum</span> <span class='ocrx_word' id='word_1_127' title='bbox 996 2206 1131 2268; x_wconf 87' lang='lat' dir='ltr'>alterius</span> <span class='ocrx_word' id='word_1_128' title='bbox 1164 2206 1374 2270; x_wconf 91' lang='lat' dir='ltr'>incommodo</span> <span class='ocrx_word' id='word_1_129' title='bbox 1401 2205 1504 2269; x_wconf 91' lang='lat' dir='ltr'>uelint</span> <span class='ocrx_word' id='word_1_130' title='bbox 1536 2207 1711 2269; x_wconf 91' lang='lat' dir='ltr'>commodo</span> <span class='ocrx_word' id='word_1_131' title='bbox 1740 2228 1800 2270; x_wconf 93' lang='lat' dir='ltr'>suo</span> 
     </span>
     <span class='ocr_line' id='line_1_14' title="bbox 401 2313 1800 2399; baseline 0.004 -23"><span class='ocrx_word' id='word_1_132' title='bbox 401 2313 570 2378; x_wconf 91' lang='lat' dir='ltr'>consulere</span> <span class='ocrx_word' id='word_1_133' title='bbox 579 2313 600 2378; x_wconf 79' lang='lat'>².</span> <span class='ocrx_word' id='word_1_134' title='bbox 655 2315 743 2379; x_wconf 90' lang='lat' dir='ltr'>Illud</span> <span class='ocrx_word' id='word_1_135' title='bbox 767 2315 920 2378; x_wconf 87' lang='lat' dir='ltr'>exsulum</span> <span class='ocrx_word' id='word_1_136' title='bbox 943 2336 1061 2398; x_wconf 91' lang='lat' dir='ltr'>corpus</span> <span class='ocrx_word' id='word_1_137' title='bbox 1084 2317 1213 2379; x_wconf 91' lang='lat' dir='ltr'>unitum</span> <span class='ocrx_word' id='word_1_138' title='bbox 1237 2326 1270 2381; x_wconf 91' lang='lat' dir='ltr'>et</span> <span class='ocrx_word' id='word_1_139' title='bbox 1294 2325 1344 2380; x_wconf 88' lang='lat' dir='ltr'>est</span> <span class='ocrx_word' id='word_1_140' title='bbox 1367 2325 1565 2399; x_wconf 91' lang='lat' dir='ltr'>suspectum,</span> <span class='ocrx_word' id='word_1_141' title='bbox 1588 2326 1622 2380; x_wconf 91' lang='lat' dir='ltr'>et</span> <span class='ocrx_word' id='word_1_142' title='bbox 1649 2327 1699 2381; x_wconf 92' lang='lat' dir='ltr'>est</span> <span class='ocrx_word' id='word_1_143' title='bbox 1725 2319 1800 2382; x_wconf 94' lang='lat' dir='ltr'>ilico</span> 
     </span>
     <span class='ocr_line' id='line_1_15' title="bbox 401 2426 1800 2510; baseline 0.005 -24"><span class='ocrx_word' id='word_1_144' title='bbox 401 2432 516 2487; x_wconf 90' lang='lat' dir='ltr'>contra</span> <span class='ocrx_word' id='word_1_145' title='bbox 538 2426 699 2489; x_wconf 87' lang='lat' dir='ltr'>ratIonem</span> <span class='ocrx_word' id='word_1_146' title='bbox 722 2435 837 2490; x_wconf 91' lang='lat' dir='ltr'>status.</span> <span class='ocrx_word' id='word_1_147' title='bbox 893 2427 955 2489; x_wconf 91' lang='lat' dir='ltr'>Est</span> <span class='ocrx_word' id='word_1_148' title='bbox 979 2436 1177 2510; x_wconf 91' lang='lat' dir='ltr'>suspectum.</span> <span class='ocrx_word' id='word_1_149' title='bbox 1216 2447 1293 2490; x_wconf 90' lang='lat' dir='ltr'>nam</span> <span class='ocrx_word' id='word_1_150' title='bbox 1319 2438 1352 2491; x_wconf 91' lang='lat' dir='ltr'>et</span> <span class='ocrx_word' id='word_1_151' title='bbox 1379 2429 1463 2491; x_wconf 94' lang='lat' dir='ltr'>serui</span> <span class='ocrx_word' id='word_1_152' title='bbox 1491 2449 1535 2491; x_wconf 89' lang='lat' dir='ltr'>ex</span> <span class='ocrx_word' id='word_1_153' title='bbox 1565 2429 1736 2510; x_wconf 84' lang='lat' dir='ltr'>ergastulis</span> <span class='ocrx_word' id='word_1_154' title='bbox 1766 2438 1800 2493; x_wconf 93' lang='lat' dir='ltr'>et</span> 
     </span>
     <span class='ocr_line' id='line_1_16' title="bbox 401 2537 1800 2622; baseline 0.004 -25"><span class='ocrx_word' id='word_1_155' title='bbox 401 2537 616 2617; x_wconf 90' lang='lat' dir='ltr'>compedibus</span> <span class='ocrx_word' id='word_1_156' title='bbox 645 2537 732 2602; x_wconf 91' lang='lat' dir='ltr'>bella</span> <span class='ocrx_word' id='word_1_157' title='bbox 761 2538 966 2602; x_wconf 90' lang='lat' dir='ltr'>atrocissima</span> <span class='ocrx_word' id='word_1_158' title='bbox 996 2540 1222 2603; x_wconf 88' lang='lat' dir='ltr'>concitarunt:</span> <span class='ocrx_word' id='word_1_159' title='bbox 1262 2539 1362 2603; x_wconf 92' lang='lat' dir='ltr'>etiam</span> <span class='ocrx_word' id='word_1_160' title='bbox 1394 2539 1568 2602; x_wconf 90' lang='lat' dir='ltr'>Romanae</span> <span class='ocrx_word' id='word_1_161' title='bbox 1598 2541 1767 2622; x_wconf 90' lang='lat' dir='ltr'>potentiae</span> <span class='ocrx_word' id='word_1_162' title='bbox 1777 2539 1800 2603; x_wconf 84' lang='lat'>³.</span> 
     </span>
     <span class='ocr_line' id='line_1_17' title="bbox 401 2645 1798 2735; baseline 0.006 -26"><span class='ocrx_word' id='word_1_163' title='bbox 401 2645 463 2710; x_wconf 90' lang='lat' dir='ltr'>Est</span> <span class='ocrx_word' id='word_1_164' title='bbox 495 2659 609 2729; x_wconf 89' lang='lat' dir='ltr'>contra</span> <span class='ocrx_word' id='word_1_165' title='bbox 638 2652 817 2717; x_wconf 90' lang='lat' dir='ltr'>rationem:</span> <span class='ocrx_word' id='word_1_166' title='bbox 853 2654 930 2735; x_wconf 89' lang='lat' dir='ltr'>quia</span> <span class='ocrx_word' id='word_1_167' title='bbox 961 2672 1026 2715; x_wconf 90' lang='lat' dir='ltr'>non</span> <span class='ocrx_word' id='word_1_168' title='bbox 1051 2652 1096 2714; x_wconf 93' lang='lat' dir='ltr'>sic</span> <span class='ocrx_word' id='word_1_169' title='bbox 1123 2652 1255 2715; x_wconf 88' lang='lat' dir='ltr'>uenitur</span> <span class='ocrx_word' id='word_1_170' title='bbox 1279 2652 1312 2714; x_wconf 93' lang='lat' dir='ltr'>in</span> <span class='ocrx_word' id='word_1_171' title='bbox 1341 2672 1442 2715; x_wconf 91' lang='lat' dir='ltr'>unum</span> <span class='ocrx_word' id='word_1_172' title='bbox 1472 2672 1599 2734; x_wconf 91' lang='lat' dir='ltr'>corpus,</span> <span class='ocrx_word' id='word_1_173' title='bbox 1623 2653 1681 2715; x_wconf 91' lang='lat' dir='ltr'>sed</span> <span class='ocrx_word' id='word_1_174' title='bbox 1708 2651 1798 2718; x_wconf 91' lang='lat' dir='ltr'>aliud</span> 
     </span>
     <span class='ocr_line' id='line_1_18' title="bbox 400 2761 1145 2845; baseline 0.009 -24"><span class='ocrx_word' id='word_1_175' title='bbox 400 2761 572 2826; x_wconf 88' lang='lat' dir='ltr'>excitatur.</span> <span class='ocrx_word' id='word_1_176' title='bbox 618 2762 714 2845; x_wconf 84' lang='lat' dir='ltr'>Quae</span> <span class='ocrx_word' id='word_1_177' title='bbox 736 2765 779 2828; x_wconf 91' lang='lat' dir='ltr'>de</span> <span class='ocrx_word' id='word_1_178' title='bbox 802 2764 989 2829; x_wconf 89' lang='lat' dir='ltr'>necessariis</span> <span class='ocrx_word' id='word_1_179' title='bbox 1013 2764 1145 2828; x_wconf 81' lang='lat' dir='ltr'>caussis</span> 
     </span>
    </p>
   </div>
   <div class='ocr_carea' id='block_1_3' title="bbox 959 3033 1237 3108">
    <p class='ocr_par' dir='ltr' id='par_1_3' title="bbox 959 3033 1237 3108">
     <span class='ocr_line' id='line_1_19' title="bbox 959 3033 1237 3108; baseline 0 -1"><span class='ocrx_word' id='word_1_180' title='bbox 959 3033 1049 3107; x_wconf 69' lang='lat' dir='ltr'>Cn.</span> <span class='ocrx_word' id='word_1_181' title='bbox 1080 3033 1237 3108; x_wconf 89' lang='lat' dir='ltr'>XVIII.</span> 
     </span>
    </p>
   </div>
   <div class='ocr_carea' id='block_1_4' title="bbox 794 3236 1405 3332">
    <p class='ocr_par' dir='ltr' id='par_1_4' title="bbox 794 3236 1405 3332">
     <span class='ocr_line' id='line_1_20' title="bbox 794 3236 1405 3332; baseline -0.002 -21"><span class='ocrx_word' id='word_1_182' title='bbox 794 3238 873 3328; x_wconf 80' lang='lat' dir='ltr'>Qui</span> <span class='ocrx_word' id='word_1_183' title='bbox 895 3237 1040 3310; x_wconf 78' lang='lat' dir='ltr'>utiliter</span> <span class='ocrx_word' id='word_1_184' title='bbox 1066 3237 1197 3310; x_wconf 83' lang='lat' dir='ltr'>bellum</span> <span class='ocrx_word' id='word_1_185' title='bbox 1223 3236 1405 3332; x_wconf 72' lang='lat' dir='ltr'>Inferum.</span> 
     </span>
    </p>
   </div>
   <div class='ocr_carea' id='block_1_5' title="bbox 393 3437 1797 4300">
    <p class='ocr_par' dir='ltr' id='par_1_5' title="bbox 393 3437 1797 4300">
     <span class='ocr_line' id='line_1_21' title="bbox 440 3437 1796 3523; baseline -0.002 -17"><span class='ocrx_word' id='word_1_186' title='bbox 440 3441 572 3506; x_wconf 82' lang='lat' dir='ltr'>UTILIS</span> <span class='ocrx_word' id='word_1_187' title='bbox 595 3462 674 3504; x_wconf 91' lang='lat' dir='ltr'>uero</span> <span class='ocrx_word' id='word_1_188' title='bbox 697 3461 811 3505; x_wconf 89' lang='lat' dir='ltr'>caussa</span> <span class='ocrx_word' id='word_1_189' title='bbox 833 3439 992 3504; x_wconf 88' lang='lat' dir='ltr'>inserendi</span> <span class='ocrx_word' id='word_1_190' title='bbox 1015 3439 1140 3503; x_wconf 93' lang='lat' dir='ltr'>bellum</span> <span class='ocrx_word' id='word_1_191' title='bbox 1164 3438 1225 3502; x_wconf 89' lang='lat' dir='ltr'>erit</span> <span class='ocrx_word' id='word_1_192' title='bbox 1247 3438 1297 3501; x_wconf 92' lang='lat' dir='ltr'>ius</span> <span class='ocrx_word' id='word_1_193' title='bbox 1316 3437 1493 3503; x_wconf 89' lang='lat' dir='ltr'>ulciscendi</span> <span class='ocrx_word' id='word_1_194' title='bbox 1517 3449 1689 3523; x_wconf 87' lang='lat' dir='ltr'>acceptam</span> <span class='ocrx_word' id='word_1_195' title='bbox 1713 3440 1796 3504; x_wconf 94' lang='lat' dir='ltr'>iniu-</span> 
     </span>
     <span class='ocr_line' id='line_1_22' title="bbox 396 3550 1797 3635; baseline 0.001 -20"><span class='ocrx_word' id='word_1_196' title='bbox 396 3555 488 3616; x_wconf 89' lang='lat' dir='ltr'>riam.</span> <span class='ocrx_word' id='word_1_197' title='bbox 535 3555 581 3619; x_wconf 92' lang='lat' dir='ltr'>Et</span> <span class='ocrx_word' id='word_1_198' title='bbox 603 3554 692 3617; x_wconf 91' lang='lat' dir='ltr'>utilis</span> <span class='ocrx_word' id='word_1_199' title='bbox 715 3563 774 3630; x_wconf 92' lang='lat' dir='ltr'>est,</span> <span class='ocrx_word' id='word_1_200' title='bbox 790 3554 869 3635; x_wconf 91' lang='lat' dir='ltr'>quia</span> <span class='ocrx_word' id='word_1_201' title='bbox 892 3554 947 3635; x_wconf 86' lang='lat' dir='ltr'>qui</span> <span class='ocrx_word' id='word_1_202' title='bbox 970 3553 1120 3615; x_wconf 88' lang='lat' dir='ltr'>iniuriam</span> <span class='ocrx_word' id='word_1_203' title='bbox 1144 3572 1209 3614; x_wconf 91' lang='lat' dir='ltr'>non</span> <span class='ocrx_word' id='word_1_204' title='bbox 1234 3550 1407 3629; x_wconf 88' lang='lat' dir='ltr'>ulciscitur,</span> <span class='ocrx_word' id='word_1_205' title='bbox 1424 3552 1452 3615; x_wconf 93' lang='lat' dir='ltr'>is</span> <span class='ocrx_word' id='word_1_206' title='bbox 1467 3551 1606 3615; x_wconf 90' lang='lat' dir='ltr'>alteram</span> <span class='ocrx_word' id='word_1_207' title='bbox 1629 3562 1797 3634; x_wconf 89' lang='lat' dir='ltr'>prouocat,</span> 
     </span>
     <span class='ocr_line' id='line_1_23' title="bbox 395 3662 1796 3747; baseline 0.001 -22"><span class='ocrx_word' id='word_1_208' title='bbox 395 3663 491 3726; x_wconf 92' lang='lat' dir='ltr'>iuxta</span> <span class='ocrx_word' id='word_1_209' title='bbox 523 3663 604 3727; x_wconf 93' lang='lat' dir='ltr'>illud</span> <span class='ocrx_word' id='word_1_210' title='bbox 638 3664 906 3747; x_wconf 90' lang='lat' dir='ltr'>probatissimum</span> <span class='ocrx_word' id='word_1_211' title='bbox 937 3662 1062 3727; x_wconf 91' lang='lat' dir='ltr'>Publii:</span> <span class='ocrx_word' id='word_1_212' title='bbox 1102 3662 1280 3726; x_wconf 87' lang='lat' dir='ltr'>‘Ueterem</span> <span class='ocrx_word' id='word_1_213' title='bbox 1316 3662 1451 3725; x_wconf 90' lang='lat' dir='ltr'>ferendo</span> <span class='ocrx_word' id='word_1_214' title='bbox 1483 3662 1642 3740; x_wconf 83' lang='lat' dir='ltr'>iniurIam,</span> <span class='ocrx_word' id='word_1_215' title='bbox 1677 3665 1796 3726; x_wconf 91' lang='lat' dir='ltr'>inuitas</span> 
     </span>
     <span class='ocr_line' id='line_1_24' title="bbox 395 3771 1795 3853; baseline -0.001 -18"><span class='ocrx_word' id='word_1_216' title='bbox 395 3773 557 3839; x_wconf 84' lang='lat' dir='ltr'>‘nouam’</span> <span class='ocrx_word' id='word_1_217' title='bbox 590 3783 662 3837; x_wconf 92' lang='lat' dir='ltr'>turn</span> <span class='ocrx_word' id='word_1_218' title='bbox 689 3774 799 3848; x_wconf 86' lang='lat' dir='ltr'>etiam,</span> <span class='ocrx_word' id='word_1_219' title='bbox 827 3775 903 3853; x_wconf 88' lang='lat' dir='ltr'>quia</span> <span class='ocrx_word' id='word_1_220' title='bbox 934 3772 1055 3836; x_wconf 90' lang='lat' dir='ltr'>damna</span> <span class='ocrx_word' id='word_1_221' title='bbox 1085 3772 1146 3834; x_wconf 89' lang='lat' dir='ltr'>sibi</span> <span class='ocrx_word' id='word_1_222' title='bbox 1176 3772 1294 3834; x_wconf 90' lang='lat' dir='ltr'>sarcire</span> <span class='ocrx_word' id='word_1_223' title='bbox 1321 3781 1371 3834; x_wconf 93' lang='lat' dir='ltr'>est</span> <span class='ocrx_word' id='word_1_224' title='bbox 1402 3771 1509 3835; x_wconf 79' lang='lat' dir='ltr'>utile4.</span> <span class='ocrx_word' id='word_1_225' title='bbox 1556 3773 1648 3836; x_wconf 91' lang='lat' dir='ltr'>Iusta</span> <span class='ocrx_word' id='word_1_226' title='bbox 1682 3782 1795 3836; x_wconf 89' lang='lat' dir='ltr'>autem</span> 
     </span>
     <span class='ocr_line' id='line_1_25' title="bbox 394 3881 1795 3965; baseline -0.002 -17"><span class='ocrx_word' id='word_1_227' title='bbox 394 3904 509 3948; x_wconf 87' lang='lat' dir='ltr'>caussa</span> <span class='ocrx_word' id='word_1_228' title='bbox 532 3893 582 3948; x_wconf 90' lang='lat' dir='ltr'>est</span> <span class='ocrx_word' id='word_1_229' title='bbox 604 3885 695 3947; x_wconf 88' lang='lat' dir='ltr'>haec.</span> <span class='ocrx_word' id='word_1_230' title='bbox 720 3884 876 3965; x_wconf 88' lang='lat' dir='ltr'>quoniam</span> <span class='ocrx_word' id='word_1_231' title='bbox 903 3891 1050 3945; x_wconf 88' lang='lat' dir='ltr'>nostrum</span> <span class='ocrx_word' id='word_1_232' title='bbox 1074 3881 1168 3944; x_wconf 92' lang='lat' dir='ltr'>nobis</span> <span class='ocrx_word' id='word_1_233' title='bbox 1190 3882 1240 3944; x_wconf 91' lang='lat' dir='ltr'>ius</span> <span class='ocrx_word' id='word_1_234' title='bbox 1263 3881 1397 3958; x_wconf 88' lang='lat' dir='ltr'>laesum,</span> <span class='ocrx_word' id='word_1_235' title='bbox 1417 3891 1451 3945; x_wconf 91' lang='lat' dir='ltr'>et</span> <span class='ocrx_word' id='word_1_236' title='bbox 1474 3883 1687 3947; x_wconf 91' lang='lat' dir='ltr'>imminutum</span> <span class='ocrx_word' id='word_1_237' title='bbox 1711 3883 1795 3946; x_wconf 90' lang='lat' dir='ltr'>ferre</span> 
     </span>
     <span class='ocr_line' id='line_1_26' title="bbox 393 3992 1796 4077; baseline -0.001 -19"><span class='ocrx_word' id='word_1_238' title='bbox 393 4015 454 4058; x_wconf 92' lang='lat' dir='ltr'>nos</span> <span class='ocrx_word' id='word_1_239' title='bbox 477 4016 542 4058; x_wconf 93' lang='lat' dir='ltr'>non</span> <span class='ocrx_word' id='word_1_240' title='bbox 566 4005 705 4077; x_wconf 90' lang='lat' dir='ltr'>oportet.</span> <span class='ocrx_word' id='word_1_241' title='bbox 751 3995 861 4058; x_wconf 92' lang='lat' dir='ltr'>Nemo</span> <span class='ocrx_word' id='word_1_242' title='bbox 884 4001 1015 4057; x_wconf 88' lang='lat' dir='ltr'>tenetur</span> <span class='ocrx_word' id='word_1_243' title='bbox 1037 3993 1087 4056; x_wconf 93' lang='lat' dir='ltr'>ius</span> <span class='ocrx_word' id='word_1_244' title='bbox 1110 4011 1205 4055; x_wconf 90' lang='lat' dir='ltr'>suum</span> <span class='ocrx_word' id='word_1_245' title='bbox 1229 3993 1396 4075; x_wconf 85' lang='lat' dir='ltr'>negligere</span> <span class='ocrx_word' id='word_1_246' title='bbox 1406 3992 1428 4057; x_wconf 66' lang='grc' dir='ltr'>ὅ.</span> <span class='ocrx_word' id='word_1_247' title='bbox 1474 3993 1604 4057; x_wconf 89' lang='lat' dir='ltr'>Natura</span> <span class='ocrx_word' id='word_1_248' title='bbox 1631 4003 1682 4058; x_wconf 89' lang='lat' dir='ltr'>est</span> <span class='ocrx_word' id='word_1_249' title='bbox 1709 4014 1796 4076; x_wconf 88' lang='lat' dir='ltr'>quae</span> 
     </span>
     <span class='ocr_line' id='line_1_27' title="bbox 394 4103 1794 4188; baseline -0.001 -17"><span class='ocrx_word' id='word_1_250' title='bbox 394 4107 567 4171; x_wconf 92' lang='lat' dir='ltr'>tuitionem</span> <span class='ocrx_word' id='word_1_251' title='bbox 585 4108 643 4185; x_wconf 88' lang='lat' dir='ltr'>sui,</span> <span class='ocrx_word' id='word_1_252' title='bbox 659 4107 780 4188; x_wconf 89' lang='lat' dir='ltr'>pariter</span> <span class='ocrx_word' id='word_1_253' title='bbox 795 4115 829 4170; x_wconf 91' lang='lat' dir='ltr'>et</span> <span class='ocrx_word' id='word_1_254' title='bbox 844 4104 1021 4170; x_wconf 91' lang='lat' dir='ltr'>ulciscendi</span> <span class='ocrx_word' id='word_1_255' title='bbox 1040 4103 1089 4166; x_wconf 91' lang='lat' dir='ltr'>ius</span> <span class='ocrx_word' id='word_1_256' title='bbox 1104 4104 1211 4168; x_wconf 90' lang='lat' dir='ltr'>defert</span> <span class='ocrx_word' id='word_1_257' title='bbox 1220 4104 1243 4166; x_wconf 75' lang='lat'>⁶.</span> <span class='ocrx_word' id='word_1_258' title='bbox 1290 4104 1385 4168; x_wconf 90' lang='lat' dir='ltr'>Haec</span> <span class='ocrx_word' id='word_1_259' title='bbox 1401 4106 1585 4168; x_wconf 88' lang='lat' dir='ltr'>communis</span> <span class='ocrx_word' id='word_1_260' title='bbox 1605 4106 1794 4169; x_wconf 90' lang='lat' dir='ltr'>mortalium</span> 
     </span>
     <span class='ocr_line' id='line_1_28' title="bbox 393 4215 1794 4300; baseline -0.001 -18"><span class='ocrx_word' id='word_1_261' title='bbox 393 4220 540 4282; x_wconf 91' lang='lat' dir='ltr'>omniurn</span> <span class='ocrx_word' id='word_1_262' title='bbox 567 4219 633 4294; x_wconf 91' lang='lat' dir='ltr'>lex,</span> <span class='ocrx_word' id='word_1_263' title='bbox 658 4219 769 4282; x_wconf 91' lang='lat' dir='ltr'>ulcisci</span> <span class='ocrx_word' id='word_1_264' title='bbox 793 4218 927 4300; x_wconf 89' lang='lat' dir='ltr'>eosqui</span> <span class='ocrx_word' id='word_1_265' title='bbox 955 4225 1068 4280; x_wconf 90' lang='lat' dir='ltr'>nostra</span> <span class='ocrx_word' id='word_1_266' title='bbox 1093 4215 1357 4300; x_wconf 82' lang='lat' dir='ltr'>depraedantur3</span> <span class='ocrx_word' id='word_1_267' title='bbox 1387 4216 1433 4279; x_wconf 92' lang='lat' dir='ltr'>ait</span> <span class='ocrx_word' id='word_1_268' title='bbox 1461 4216 1725 4281; x_wconf 88' lang='lat' dir='ltr'>Demosthenes:</span> <span class='ocrx_word' id='word_1_269' title='bbox 1760 4227 1794 4281; x_wconf 91' lang='lat' dir='ltr'>et</span> 
     </span>
    </p>
   </div>
   <div class='ocr_carea' id='block_1_6' title="bbox 424 4527 1755 4677">
    <p class='ocr_par' dir='ltr' id='par_1_6' title="bbox 424 4527 1755 4677">
     <span class='ocr_line' id='line_1_29' title="bbox 424 4527 1755 4593; baseline -0.002 -14"><span class='ocrx_word' id='word_1_270' title='bbox 424 4528 432 4557; x_wconf 90' lang='lat'>¹</span> <span class='ocrx_word' id='word_1_271' title='bbox 449 4529 518 4580; x_wconf 89' lang='lat' dir='ltr'>Cast.</span> <span class='ocrx_word' id='word_1_272' title='bbox 529 4529 608 4580; x_wconf 84' lang='lat' dir='ltr'>Autb.</span> <span class='ocrx_word' id='word_1_273' title='bbox 620 4530 659 4579; x_wconf 90' lang='lat' dir='ltr'>cui</span> <span class='ocrx_word' id='word_1_274' title='bbox 671 4529 801 4591; x_wconf 82' lang='lat' dir='ltr'>reIIctum;</span> <span class='ocrx_word' id='word_1_275' title='bbox 819 4529 849 4580; x_wconf 48' lang='lat' dir='ltr'>C,</span> <span class='ocrx_word' id='word_1_276' title='bbox 860 4528 892 4579; x_wconf 89' lang='lat' dir='ltr'>de</span> <span class='ocrx_word' id='word_1_277' title='bbox 903 4529 954 4579; x_wconf 88' lang='lat' dir='ltr'>iud.</span> <span class='ocrx_word' id='word_1_278' title='bbox 965 4529 998 4577; x_wconf 89' lang='lat' dir='ltr'>ui.</span> <span class='ocrx_word' id='word_1_279' title='bbox 1011 4528 1046 4593; x_wconf 85' lang='lat'>(6.</span> <span class='ocrx_word' id='word_1_280' title='bbox 1059 4530 1111 4592; x_wconf 86' lang='lat'>40).</span> <span class='ocrx_word' id='word_1_281' title='bbox 1206 4528 1217 4558; x_wconf 86' lang='lat'>²</span> <span class='ocrx_word' id='word_1_282' title='bbox 1234 4528 1288 4579; x_wconf 90' lang='lat' dir='ltr'>Cic.</span> <span class='ocrx_word' id='word_1_283' title='bbox 1301 4544 1324 4592; x_wconf 78' lang='lat'>3.</span> <span class='ocrx_word' id='word_1_284' title='bbox 1337 4529 1368 4578; x_wconf 92' lang='lat' dir='ltr'>de</span> <span class='ocrx_word' id='word_1_285' title='bbox 1380 4527 1429 4578; x_wconf 85' lang='lat' dir='ltr'>Off.</span> <span class='ocrx_word' id='word_1_286' title='bbox 1445 4541 1482 4577; x_wconf 84' lang='grc' dir='ltr'>ιο.</span> <span class='ocrx_word' id='word_1_287' title='bbox 1573 4529 1582 4558; x_wconf 81' lang='lat'><strong>³</strong></span> <span class='ocrx_word' id='word_1_288' title='bbox 1600 4541 1622 4590; x_wconf 83' lang='lat'>3.</span> <span class='ocrx_word' id='word_1_289' title='bbox 1636 4527 1703 4578; x_wconf 90' lang='lat' dir='ltr'>Flor.</span> <span class='ocrx_word' id='word_1_290' title='bbox 1717 4541 1755 4576; x_wconf 81' lang='lat'>²0.</span> 
     </span>
     <span class='ocr_line' id='line_1_30' title="bbox 568 4609 1616 4677; baseline -0.002 -16"><span class='ocrx_word' id='word_1_291' title='bbox 568 4613 577 4642; x_wconf 86' lang='lat'>¹</span> <span class='ocrx_word' id='word_1_292' title='bbox 593 4613 670 4664; x_wconf 86' lang='lat' dir='ltr'>Macr.</span> <span class='ocrx_word' id='word_1_293' title='bbox 687 4629 708 4661; x_wconf 83' lang='lat'>2.</span> <span class='ocrx_word' id='word_1_294' title='bbox 721 4612 773 4663; x_wconf 89' lang='lat' dir='ltr'>Sat.</span> <span class='ocrx_word' id='word_1_295' title='bbox 787 4621 809 4677; x_wconf 80' lang='lat'>7.</span> <span class='ocrx_word' id='word_1_296' title='bbox 940 4612 950 4642; x_wconf 77' lang='lat'><strong>⁵</strong></span> <span class='ocrx_word' id='word_1_297' title='bbox 966 4609 1020 4662; x_wconf 87' lang='lat' dir='ltr'>Bal.</span> <span class='ocrx_word' id='word_1_298' title='bbox 1033 4625 1056 4675; x_wconf 84' lang='lat'>5.</span> <span class='ocrx_word' id='word_1_299' title='bbox 1069 4627 1136 4662; x_wconf 88' lang='lat' dir='ltr'>cons.</span> <span class='ocrx_word' id='word_1_300' title='bbox 1148 4613 1204 4676; x_wconf 81' lang='lat'>382.</span> <span class='ocrx_word' id='word_1_301' title='bbox 1336 4611 1346 4641; x_wconf 80' lang='lat'>⁶</span> <span class='ocrx_word' id='word_1_302' title='bbox 1363 4612 1416 4662; x_wconf 80' lang='lat' dir='ltr'>Cic</span> <span class='ocrx_word' id='word_1_303' title='bbox 1428 4611 1494 4677; x_wconf 92' lang='lat' dir='ltr'>Top.</span> <span class='ocrx_word' id='word_1_304' title='bbox 1501 4628 1507 4668; x_wconf 85' lang='lat'>;</span> <span class='ocrx_word' id='word_1_305' title='bbox 1525 4611 1580 4660; x_wconf 89' lang='lat' dir='ltr'>lnu.</span> <span class='ocrx_word' id='word_1_306' title='bbox 1594 4626 1616 4659; x_wconf 77' lang='lat'>2.</span> 
     </span>
    </p>
   </div>
   <div class='ocr_carea' id='block_1_7' title="bbox 0 0 2266 5570">
    <p class='ocr_par' dir='ltr' id='par_1_7' title="bbox 0 0 2266 5570">
     <span class='ocr_line' id='line_1_31' title="bbox 0 0 2266 5570; baseline 0 7"><span class='ocrx_word' id='word_1_307' title='bbox 0 0 2266 5570; x_wconf 95' lang='lat' dir='ltr'> </span> 
     </span>
    </p>
   </div>
  </div>
 </body>
</html>
