4498 5566
697 1641 977 1724 INDEX
1038 1641 1457 1725 CAPITUM.

853 2051 1031 2116 LIBER
1064 2051 1298 2118 PRIMUS.

378 2285 448 2346 Car.
555 2283 579 2343 1.
621 2283 667 2342 De
683 2283 748 2343 lure
763 2283 904 2344 Gentium
918 2286 1028 2346 Bellico

405 2426 420 2454 „
539 2380 577 2440 II.
621 2381 693 2440 Belli
708 2381 837 2441 definitio

405 2525 422 2550 „
522 2478 577 2538 111.
621 2479 770 2556 Principes
785 2480 893 2538 bellum
906 2491 1011 2556 gerunt

405 2621 421 2648 „
527 2574 580 2634 IV.
623 2577 766 2636 Latrones
780 2576 887 2636 bellum
902 2594 964 2636 non
978 2586 1083 2652 gerunt
1120 2621 1673 2638 .......
1740 2601 1778 2640 ao

406 2719 422 2745 ,‚
543 2674 579 2731 V.
623 2674 704 2732 Bella
718 2675 791 2733 iuste
806 2684 943 2750 geruntur

404 2817 421 2845 „
525 2770 577 2830 VI.
620 2770 732 2831 Bellum
747 2772 820 2830 iuste
835 2772 896 2848 geri
911 2772 1046 2848 utrinque
1117 2813 1674 2833 .......
1740 2781 1777 2835 28

405 2915 422 2941 „
508 2867 579 2928 VII.
621 2869 668 2928 De
683 2870 777 2929 causis
792 2870 936 2928 bellorum

403 3013 420 3039 „
489 2965 575 3026 VIII.
618 2967 664 3026 De
680 2968 773 3027 causis
788 2967 893 3026 diuinis
907 2967 975 3026 belli
989 2966 1113 3026 faciendi

403 3110 419 3137 ,‚
523 3063 577 3122 IX.
619 3064 668 3124 An
682 3065 789 3125 bellum
802 3068 911 3125 iustum
926 3066 962 3124 sit
976 3082 1030 3141 pro
1045 3065 1186 3140 religione
1208 3109 1673 3128 ......
1739 3085 1777 3145 35

404 3208 421 3234 „
540 3161 577 3222 X.
621 3163 652 3223 Si
666 3163 806 3242 Princeps
820 3165 991 3240 religionem
1005 3163 1081 3222 bello
1096 3163 1176 3239 apud
1190 3179 1259 3222 suos
1273 3164 1346 3223 iuste
1361 3173 1456 3224 tuetur
1486 3211 1491 3222 .
1577 3212 1583 3226 .
1669 3213 1674 3226 .
1740 3188 1779 3241 40

404 3305 421 3332 ‚,
525 3261 578 3319 XI.
621 3262 670 3319 An
685 3262 792 3320 subditi
806 3263 914 3322 bellent
929 3271 1034 3322 contra
1048 3261 1209 3338 principem
1224 3280 1262 3320 ex
1276 3279 1366 3321 causa
1380 3261 1528 3340 religionis
1577 3309 1583 3324 .
1668 3311 1673 3323 .

405 3403 422 3430 „
509 3359 578 3418 XII.
622 3358 729 3419 Utrum
744 3361 801 3420 sint
815 3379 921 3422 causae
935 3361 1082 3420 naturales
1097 3360 1164 3419 belli
1180 3359 1305 3420 faciendi
1394 3406 1400 3419 .
1486 3408 1493 3422 .
1575 3408 1582 3421 .
1668 3409 1673 3422 .

405 3503 422 3530 „
493 3456 578 3516 XIII.
621 3457 667 3516 De
681 3461 846 3518 necessaria
860 3460 1029 3520 defensione

405 3600 422 3628 „
495 3554 577 3615 XIV.
619 3556 666 3616 De
680 3557 742 3616 utili
756 3557 926 3617 defensione

404 3699 421 3725 „
513 3651 579 3711 XV.
621 3652 667 3712 De
682 3655 805 3715 honesta
820 3655 989 3714 defensione
1029 3699 1672 3716 ........

404 3795 420 3821 ,,
494 3749 577 3809 XVI.
620 3750 665 3809 De
681 3743 803 3812 subditis
818 3753 919 3812 aliems
934 3761 1036 3811 contra
1051 3750 1204 3810 dominum
1219 3749 1411 3812 defendendis
1485 3800 1490 3811 .
1575 3800 1580 3812 .
1665 3800 1671 3811 .

404 3893 422 3919 ‚,
478 3846 577 3904 XVII.
621 3847 679 3920 Qui
694 3849 800 3908 bellum
815 3851 977 3910 necessarie
992 3849 1117 3907 inferunt

405 3993 421 4019 „
464 3945 579 4003 XVIII.
623 3945 683 4018 Qui
697 3947 801 4006 utiliter
815 3947 924 4007 bellum
938 3947 1064 4005 inferunt
1121 3989 1674 4006 .......
1739 3965 1777 4024 79

404 4090 422 4119 „
496 4042 579 4103 XIX.
621 4044 668 4104 De
682 4045 861 4106 naturalibus
876 4047 972 4105 causis
986 4043 1052 4102 belli
1067 4042 1211 4101 inferendi

408 4189 424 4214 „
514 4141 580 4200 XX.
624 4142 671 4202 De
685 4144 822 4206 humanis
836 4145 931 4204 causis
944 4143 1013 4203 belli
1027 4141 1167 4202 inferendi
1214 4185 1673 4201 ......
1739 4149 1777 4220 89

406 4288 422 4314 „
495 4239 577 4301 XXI.
621 4239 667 4301 De
682 4243 841 4302 malefactis
855 4244 1035 4320 priuatorum

404 4387 422 4414 ‚,
480 4342 578 4402 XXII.
621 4341 668 4402 De
682 4341 804 4404 uetustis
819 4341 914 4403 causis
928 4358 992 4401 non
1004 4339 1167 4402 excitandis
1211 4384 1674 4399 ......
1739 4361 1776 4418 99

403 4486 420 4513 ‚‚
462 4440 577 4503 XXIII.
620 4441 666 4502 De
680 4460 839 4520 regnorum
853 4441 1054 4502 euersionibus
1122 4482 1672 4498 .......
1720 4444 1776 4498 106

405 4587 422 4613 „
466 4541 577 4600 XXIV.
623 4541 653 4601 Si
667 4543 698 4600 ln
713 4551 847 4619 posteros
861 4552 995 4601 mouetur
1009 4541 1117 4600 bellum
1211 4580 1672 4599 ......
1720 4557 1775 4611 1¹4

406 4685 424 4712 „
483 4639 579 4698 XXV.
622 4640 668 4700 De
682 4641 806 4700 honesta
820 4658 909 4700 causa
922 4641 990 4700 belli
1004 4640 1146 4700 inferendi
1212 4680 1675 4698 ......
1722 4637 1777 4694 116

377 4770 1482 4784 ..-—--—----‹--—-—————-—-———-———-————------—--
1496 4771 1506 4776 -
1522 4769 1579 4776 ο-.-
1605 4771 1623 4776 ..
1641 4769 1778 4778 --.-——..
