4522 5570
479 747 541 816 150
962 737 1165 792 ALBERICI
1191 737 1391 792 GENTILIS

476 986 688 1050 ‘infidelibus
706 985 884 1069 aliquando
902 993 1102 1067 usurpatam,
1123 982 1213 1047 nullo
1231 1001 1388 1063 umquam
1412 981 1481 1044 iure
1499 979 1661 1044 indultam
1682 980 1757 1062 lego
1774 980 1874 1044 licen-

476 1099 595 1162 ‘tiam
651 1099 729 1162 Non
755 1098 844 1179 quod
870 1106 1029 1179 tyrannos
1055 1096 1098 1159 de
1124 1094 1234 1158 medio
1260 1092 1425 1157 tollendos
1452 1111 1523 1155 esse
1553 1112 1619 1155 non
1649 1093 1791 1166 credam,
1815 1094 1873 1156 sed

477 1211 572 1272 ‘sine
591 1209 766 1291 religionis,
781 1209 1036 1290 honestatisque,
1052 1208 1225 1290 dispendio
1234 1202 1264 1271 ¹.’
1310 1204 1498 1268 Infidelium
1517 1204 1604 1269 iacta
1622 1204 1704 1269 haec
1721 1207 1769 1269 ait
1791 1207 1873 1269 iste:

476 1342 562 1403 quae
590 1330 687 1385 antea
717 1341 782 1384 non
813 1321 997 1385 communis
1027 1320 1113 1384 fidei.
1168 1316 1271 1382 Adde
1300 1316 1356 1380 illa
1383 1317 1522 1388 Erasmi,
1550 1317 1686 1395 ‘Uides‚
1711 1326 1873 1400 quantum

475 1433 658 1496 ‘momenti
676 1432 718 1496 sit
736 1433 770 1495 in
789 1432 897 1510 moda,
913 1441 950 1495 ut
968 1432 1090 1496 iactum
1106 1427 1283 1512 probetur?
1327 1427 1529 1492 Adulterum
1546 1428 1638 1507 ferro,
1654 1450 1720 1492 non
1736 1448 1874 1506 uenen0,

475 1545 576 1608 ‘licet
594 1544 751 1608 occidere.
782 1564 846 1608 non
865 1544 996 1608 hostem
1012 1563 1149 1621 uenen0‚
1167 1561 1233 1605 non
1252 1541 1347 1604 malis
1365 1541 1499 1618 artibus,
1519 1560 1683 1623 nusquam
1701 1541 1789 1604 enim
1808 1560 1873 1603 non

475 1656 664 1737 ‘improbat
687 1656 848 1720 malitiam
871 1655 936 1719 lex.
965 1655 1031 1718 tela
1049 1654 1153 1718 tincta
1170 1672 1298 1717 ueneno
1317 1661 1350 1715 et
1372 1652 1406 1714 in
1427 1651 1522 1715 bellis
1545 1651 1727 1716 interdicta.
1772 1649 1873 1733 Quod

475 1766 555 1829 ‘lex
579 1766 749 1849 permittit,
774 1776 811 1830 ut
833 1765 900 1842 fiat,
919 1766 952 1828 id
975 1785 1040 1828 non
1063 1764 1176 1828 statim
1199 1763 1346 1846 qualibet
1368 1763 1423 1826 uia
1445 1762 1564 1826 efficies
1573 1761 1603 1827 ²!
1648 1762 1739 1826 Nota
1760 1769 1872 1825 autem

475 1879 775 1941 sextumdecimum
804 1884 1037 1959 argumentum
1074 1896 1095 1939 a
1131 1875 1231 1938 simili
1268 1875 1310 1938 de
1346 1873 1506 1952 adultero,
1535 1872 1705 1936 similibus.
1764 1871 1873 1953 Leges

398 2053 400 2056 .
475 1998 605 2053 nostrae
629 1989 729 2053 etiam
753 1989 839 2052 inter
860 1988 925 2051 alia
949 1996 982 2050 et
1004 1986 1068 2050 hoc
1092 1985 1276 2069 prohibent,
1296 1987 1429 2068 nequis
1447 2005 1575 2048 ueneno
1599 1984 1766 2048 necandus
1790 1984 1873 2047 iudi·

475 2111 566 2166 cetur
577 2100 599 2166 ³.
660 2100 706 2163 Et
735 2101 955 2181 interpretes)
968 2099 1056 2180 quod
1087 2099 1114 2161 si
1145 2097 1222 2162 licet
1251 2117 1351 2180 quem
1381 2096 1571 2174 interficere,
1601 2115 1666 2159 non
1697 2096 1731 2158 id
1760 2105 1873 2160 tamen

475 2232 603 2277 ueneno
625 2211 732 2275 iacere
754 2209 863 2274 licet4.
908 2209 1059 2293 Quorum
1081 2209 1259 2274 auctoritas
1285 2217 1397 2291 potest
1422 2215 1654 2291 argumentum
1670 2227 1750 2271 -esse
1774 2207 1873 2288 septi-

475 2323 745 2388 mumdecimum.
800 2321 954 2386 Indicant
987 2320 1088 2384 iidem
1124 2320 1456 2398 octauumdecimum,
1489 2321 1579 2402 quod
1613 2317 1737 2381 bellum
1770 2337 1872 2400 quum

474 2444 525 2499 est
548 2434 745 2517 disceptatio
768 2453 827 2516 per
849 2433 926 2510 uim,
948 2433 1014 2494 iam
1037 2433 1171 2495 uenenis
1192 2433 1261 2514 geri
1283 2450 1350 2494 non
1373 2431 1513 2495 debeat:
1552 2450 1638 2512 quae
1659 2450 1680 2493 a
1702 2429 1735 2492 ui
1758 2429 1873 2493 distin·
1954 2403 1959 2416 ι

474 2557 629 2629 guuntur.
658 2547 705 2608 ‘si
728 2564 865 2622 uenen0,
885 2564 952 2607 non
975 2563 1034 2625 per
1051 2544 1128 2617 uim,
1144 2537 1298 2621 necatus,'
1312 2542 1360 2605 ait
1382 2540 1566 2623 Ulpianus:
1591 2540 1873 2623 quemadmodum

474 2658 596 2741 aliique
618 2657 665 2720 ita
685 2657 893 2738 distinguunt
902 2655 924 2720 ⁶.
970 2654 1055 2732 Scio,
1078 2654 1202 2718 bellum
1226 2675 1293 2717 non
1316 2653 1438 2716 habere
1460 2672 1589 2735 pugnas
1611 2651 1792 2731 continuas,
1815 2653 1873 2717 sed

473 2769 652 2852 aliquando
670 2789 767 2843 raras,
785 2768 964 2850 aliquando
982 2767 1120 2845 crebras,
1138 2765 1316 2849 aliquando
1335 2766 1435 2830 etiam
1454 2764 1561 2828 nullas
1570 2765 1592 2829 ⁶.
1637 2763 1683 2828 Et
1702 2784 1761 2846 per
1778 2762 1873 2828 dolos

474 2881 569 2965 plura
583 2900 684 2963 quam
702 2899 762 2962 per
779 2880 846 2943 uim
865 2879 934 2943 fieri
953 2879 986 2941 in
1000 2878 1097 2941 rebus
1114 2877 1241 2941 bellicis
1249 2877 1272 2942 ⁷.
1326 2877 1394 2942 Sed
1415 2877 1482 2942 scio
1501 2885 1534 2940 et
1551 2875 1623 2951 hoc,
1642 2875 1745 2939 latere
1762 2876 1874 2940 omnia

475 2994 508 3056 in
527 2993 568 3066 ui,
588 3001 622 3055 et
642 2992 703 3055 sub
723 2992 772 3055 uis
794 2990 957 3073 praesidio
976 2999 1108 3054 tamen:
1133 2989 1327 3054 ueneficium
1345 2998 1457 3053 autem
1476 2989 1509 3053 ui
1531 3009 1598 3051 non
1620 2987 1731 3051 fidere.
1777 2987 1873 3050 Idem

476 3101 641 3186 Ulpianus
667 3102 811 3165 insinuat
841 3101 1131 3164 nonumdecimum
1161 3109 1402 3183 argumentum,
1428 3101 1584 3182 quoniam
1610 3100 1786 3163 aduersum
1817 3117 1873 3162 eos

475 3215 531 3296 qui
556 3233 684 3277 ueneno
709 3211 912 3290 insidiantur,
934 3210 1004 3274 fieri
1028 3211 1107 3274 nihil
1132 3213 1244 3294 possit,
1268 3222 1301 3277 et
1325 3233 1391 3275 non
1414 3213 1518 3295 possit
1540 3213 1590 3275 uis
1610 3210 1757 3275 humana
1780 3211 1873 3275 resis-

473 3333 552 3389 tere.
589 3326 741 3407 adeoque
767 3322 952 3387 transiliant
978 3321 1025 3385 illi
1051 3321 1203 3386 bellicam
1230 3324 1413 3388 rationem:
1448 3343 1533 3404 quae
1558 3322 1692 3387 omnino
1719 3329 1769 3386 est
1796 3342 1873 3385 con-

472 3437 577 3501 tentio
605 3434 789 3500 hominum.
848 3434 964 3517 Atque
997 3435 1094 3498 istam
1127 3433 1229 3498 habet
1259 3433 1372 3517 Scipio
1402 3435 1502 3499 irater
1535 3455 1628 3498 meus
1658 3453 1808 3498 caussam
1840 3432 1873 3494 in

472 3546 757 3612 Annotationibus
783 3547 826 3610 ad
853 3546 972 3610 librum
999 3546 1179 3609 secundum
1207 3545 1418 3629 Solymeidos
1439 3544 1600 3627 Torquati
1622 3544 1738 3610 Tassi:
1771 3552 1804 3608 et
1827 3546 1873 3609 sic

473 3658 628 3742 explicat,
654 3660 732 3742 quia
761 3658 886 3722 bellum
912 3678 972 3740 per
997 3677 1036 3720 ea
1062 3676 1133 3721 esse
1159 3656 1289 3731 debeat,
1317 3658 1437 3740 quibus
1465 3656 1611 3720 humana
1637 3655 1796 3720 obsistere
1823 3654 1874 3718 uis

472 3771 586 3853 possit.

516 3882 585 3947 Sed
615 3881 681 3945 iam
703 3881 793 3944 satis.
837 3879 913 3945 Aut
935 3879 1005 3945 dixi
1029 3879 1134 3944 multa
1156 3880 1294 3944 nimium
1325 3879 1418 3963 quasi
1441 3880 1484 3943 de
1507 3899 1541 3943 re
1563 3897 1629 3941 non
1650 3873 1772 3941 dubia?
1817 3875 1873 3941 Sic

472 3994 599 4058 utinam
622 4003 657 4057 et
681 3993 736 4058 hic
759 4003 854 4073 esset,
876 4002 910 4058 et
932 3993 1019 4068 alibi,
1044 4003 1078 4056 et
1100 3994 1254 4057 omnibus
1280 4001 1317 4057 ut
1343 3992 1423 4056 mihi
1447 4001 1507 4057 est.
1550 3990 1601 4056 At
1628 4010 1704 4055 ecce
1726 3987 1873 4053 scribunt

470 4105 666 4188 interpretes
695 4107 807 4183 nostri,
833 4125 930 4187 posse
960 4124 1020 4168 nos
1045 4106 1089 4168 ad
1119 4113 1267 4168 nostram
1293 4103 1520 4169 defensionem
1546 4103 1594 4166 uti
1621 4101 1733 4166 uetitis
1762 4100 1872 4168 armis.

471 4215 605 4295 scilicet,
624 4236 690 4280 non
708 4215 796 4281 male
813 4218 856 4280 sit
878 4217 998 4294 sicuti,
1020 4216 1080 4278 etsi
1101 4215 1144 4277 sit
1166 4215 1252 4279 male
1269 4235 1310 4278 ea
1330 4212 1486 4279 habere⁸.
1529 4213 1603 4278 Aut
1625 4213 1652 4276 si
1674 4211 1738 4276 hoc
1760 4231 1873 4294 supra·

472 4327 569 4391 dictis
586 4347 654 4390 non
669 4328 871 4405 aduersatur,
887 4346 963 4390 ecce
980 4324 1041 4388 tibi
1060 4324 1192 4402 Baldus,
1206 4325 1263 4408 qui
1280 4325 1453 4408 respoudit
1472 4325 1505 4387 in
1522 4324 1606 4391 haec
1622 4322 1742 4386 uerba:
1766 4321 1873 4386 ‘Lici-

473 4517 588 4570 ¹Salisb
601 4518 624 4569 8.
637 4518 705 4582 Nug.
719 4530 757 4568 ao.
823 4515 919 4566 ²Erus.
931 4514 990 4578 Tyr.
1001 4513 1086 4564 Lucia.
1147 4513 1465 4580 ³1.8.dep0en.(1).48.
1480 4515 1531 4582 19).
1596 4513 1691 4564 ‘Coit
1702 4510 1873 4562 homicidium.

621 4599 665 4650 Ι1.
681 4599 746 4650 ude
757 4598 782 4650 S.
796 4599 826 4650 C.
836 4597 897 4648 Sila.
911 4597 957 4662 (D.
974 4611 1012 4663 29.
1026 4598 1065 4662 5);
1085 4595 1141 4648 vu.
1155 4595 1199 4647 lib.
1210 4611 1235 4662 9.
1248 4612 1269 4647 c.
1284 4611 1305 4646 a.
1477 4597 1669 4663 ¹Aug.10s.q.
1684 4595 1723 4646 2⁶.

801 4680 812 4712 ¹
828 4681 916 4745 Polyb.
927 4681 972 4733 lib.
983 4695 1007 4747 9.
1290 4679 1300 4710 ⁸
1319 4680 1397 4744 Ceph.
1409 4696 1477 4730 cons.
1489 4680 1547 4744 462.
