4534 5576
472 739 532 820 158
956 744 1160 800 ALBERICI
1187 743 1388 798 GENTILIS

470 990 644 1073 Augustus
654 989 674 1055 ¹.
729 989 829 1073 Quod
853 990 879 1051 si
903 991 1004 1052 uirtus
1027 989 1070 1052 ab
1092 987 1211 1052 animis
1233 997 1291 1065 est,
1312 988 1403 1052 illam
1431 1009 1491 1052 nec
1513 991 1652 1071 perdent
1673 1009 1766 1052 arma
1788 989 1869 1052 haec

472 1111 593 1181 nostra,
611 1112 645 1166 et
667 1123 766 1183 saepe
787 1103 887 1165 etiam
909 1100 1135 1164 adiuuabunt:
1162 1120 1248 1182 quae
1271 1101 1492 1164 robustiorum
1515 1101 1600 1164 uires
1621 1101 1744 1164 uiribus
1766 1101 1870 1162 imbe-

472 1214 632 1278 cilliorum
659 1220 855 1294 exaequant,
878 1212 986 1274 uerius
1008 1231 1107 1293 quam
1131 1211 1220 1294 quod
1243 1211 1439 1293 generaliter
1461 1213 1503 1276 de
1525 1211 1610 1275 ferro
1632 1211 1754 1304 ergtulit
1780 1210 1869 1275 idern

472 1324 661 1407 Xenophon
670 1323 693 1388 ².
1869 1331 1870 1336 ’

516 1434 611 1517 Quae
651 1437 693 1498 de
730 1434 837 1511 armis,
875 1443 908 1499 et
948 1432 1048 1514 paulo
1082 1432 1193 1510 iusiuS,
1230 1453 1331 1514 quarn
1365 1434 1531 1514 oportuit:
1576 1434 1603 1496 si
1645 1453 1711 1496 non
1748 1432 1870 1515 scripta

471 1546 699 1627 intelliguntur
723 1545 799 1609 huic
823 1543 889 1620 fini,
913 1554 950 1607 ut
972 1542 1182 1626 intelligatur,
1206 1563 1272 1606 non
1294 1544 1420 1607 uariare
1442 1544 1491 1607 ius
1514 1545 1677 1621 bellicum,
1700 1545 1761 1608 etsi
1788 1543 1871 1607 haec

471 1656 632 1720 bellorum
649 1657 785 1719 uarient.
816 1665 849 1720 et
868 1675 934 1719 non
954 1675 1025 1718 esse
1041 1675 1085 1718 ex
1103 1653 1207 1730 sactis,
1222 1663 1257 1718 at
1276 1675 1319 1717 ex
1338 1655 1516 1718 rationibus
1533 1656 1755 1718 statuendum.
1801 1653 1870 1719 Sed

472 1776 507 1832 et
533 1768 576 1831 de
602 1767 748 1830 mentitis
770 1767 878 1842 armis,
901 1766 1048 1830 mentitis
1070 1765 1225 1844 uestibus,
1249 1765 1396 1828 mentitis
1422 1766 1569 1847 insigniis
1595 1765 1736 1846 legimus
1762 1785 1871 1847 saepe.

471 1879 515 1942 de
541 1877 659 1960 quibus
685 1875 810 1958 aliquid
837 1885 888 1940 est
913 1875 1160 1958 explicandum.
1205 1875 1322 1940 Monui
1347 1885 1459 1939 autern
1486 1885 1585 1939 antea
1607 1877 1649 1940 de
1673 1876 1870 1940 Choroeb0:

472 1997 506 2054 et
521 1989 601 2072 quid
618 1987 776 2069 Uirgilius
795 1987 847 2052 hic
865 1989 1012 2052 senserit.
1058 1987 1180 2052 Caesar
1197 2007 1256 2070 per
1273 1987 1433 2051 stationes
1451 1986 1595 2050 hostiurn
1611 1986 1739 2051 Gallico
1755 1987 1869 2052 habitu

472 2100 658 2182 penetrauit
684 2099 727 2163 ad
754 2119 830 2161 suos
840 2097 862 2162 ³.
919 2097 1081 2162 Scaeuola
1107 2097 1221 2162 habitu
1249 2097 1398 2175 Etrusc0,
1425 2118 1489 2161 non
1516 2098 1623 2162 solum
1653 2119 1813 2177 sermone,
1837 2100 1871 2162 in

473 2221 579 2275 castra
602 2211 693 2274 uenit
717 2209 863 2272 hostium
872 2205 893 2271 ⁴.
940 2208 993 2272 De
1017 2208 1128 2284 Dario,
1153 2208 1302 2285 Cimone,
1325 2207 1498 2286 Gastrone,
1521 2208 1672 2288 Pachete,
1696 2209 1870 2291 Iphicrate

472 2321 651 2398 Thibrone,
685 2319 837 2400 Chabria‚
868 2318 1077 2394 Charidemo,
1108 2317 1352 2397 Aristomach0,
1386 2319 1573 2397 Memnone,
1605 2319 1740 2397 Oronte,
1770 2319 1871 2384 Arte·

473 2434 576 2510 misia,
596 2431 741 2498 barbaris
758 2440 792 2495 et
812 2429 966 2496 Graecis:
997 2431 1092 2494 etde
1114 2431 1222 2507 armis,
1240 2431 1349 2512 signis,
1368 2430 1522 2508 uestibus,
1541 2431 1630 2511 uelis,
1648 2431 1730 2496 haec
1750 2433 1872 2515 scripta

472 2544 514 2608 ab
545 2543 617 2607 aliis
646 2551 722 2606 sunt
747 2541 913 2607 ueteribus
924 2541 945 2606 ⁵.
991 2541 1144 2606 Saxones
1173 2543 1254 2607 item
1282 2540 1433 2606 habitum
1464 2554 1598 2607 sumunt
1625 2543 1798 2608 Gallicum.
1838 2547 1872 2608 et

474 2653 645 2737 Burgundi
669 2653 809 2736 insignia
835 2661 869 2718 et
895 2663 1047 2718 ornatum
1072 2653 1282 2718 Francorum.
1309 2663 1343 2717 et
1365 2654 1427 2736 ipsi
1450 2653 1567 2719 Franci
1590 2654 1741 2718 habitum
1767 2665 1802 2719 et
1823 2656 1872 2718 in-

473 2765 579 2846 signia
602 2763 758 2828 hostiurn.
788 2764 877 2846 quod
896 2761 1074 2845 aliquando
1102 2764 1237 2828 miratus
1260 2763 1392 2846 Anglus
1418 2774 1489 2829 est:
1520 2766 1601 2828 dum
1622 2787 1642 2830 a
1667 2766 1766 2830 feroci
1795 2786 1871 2848 rege

473 2875 603 2938 Franco
628 2893 734 2955 genus
758 2873 822 2938 hoc
847 2873 926 2938 belli
957 2893 1022 2938 non
1050 2883 1242 2954 expectaret
1253 2873 1275 2940 ⁶.
1333 2875 1460 2938 Dolum
1487 2895 1565 2939 uero
1596 2875 1755 2939 Punicum
1784 2876 1872 2941 hunc

473 2986 561 3050 dixit
585 2985 718 3048 Iouius:
750 2985 808 3068 qui
832 2995 1002 3062 memorat,
1024 2994 1217 3067 usurpatum
1242 3006 1262 3048 a
1285 2986 1387 3048 nobili
1412 2985 1518 3068 pirata
1542 2987 1771 3054 Barbarossa⁷.
1827 2988 1873 3052 Et

475 3097 605 3161 uidetur
631 3104 746 3160 contra
770 3095 884 3162 dolum
908 3095 1015 3160 lacere
1046 3096 1244 3160 Diocletiani
1267 3098 1459 3162 constitutio
1469 3096 1490 3176 ⁸,
1513 3119 1599 3181 quae
1629 3109 1722 3162 uetat
1753 3102 1872 3164 mutari

474 3207 608 3271 nomina
630 3227 690 3289 per
711 3207 869 3283 fraudem,
892 3208 983 3290 quod
1005 3206 1173 3289 signisque
1195 3217 1312 3290 aptant
1331 3209 1525 3291 interpretes
1534 3209 1554 3274 ⁹.
1602 3208 1670 3274 Sed
1693 3230 1759 3273 non
1782 3211 1873 3274 uide·

473 3326 528 3382 tur
552 3339 596 3381 ex
622 3318 788 3384 communi
812 3338 871 3380 usu
894 3319 1083 3399 supradicto
1109 3318 1250 3383 Punicus
1276 3328 1388 3384 tamen
1415 3318 1519 3397 dolus,
1543 3329 1600 3384 aut
1626 3321 1873 3401 improbandus.

475 3430 617 3494 Nostrae
642 3430 731 3494 enim
753 3428 844 3512 leges
865 3428 1052 3511 loquuntur,
1072 3450 1175 3511 quum
1197 3449 1264 3494 non
1285 3430 1362 3496 licet
1380 3431 1530 3495 fraudare
1553 3441 1588 3494 et
1609 3451 1737 3495 nocere.
1782 3431 1873 3514 Quid

475 3561 553 3623 ergo
575 3541 602 3604 si
625 3541 679 3604 isti
701 3539 879 3604 sraudulosi
902 3540 948 3604 sic
971 3541 1105 3604 ueniant
1128 3541 1160 3604 in
1184 3561 1301 3605 manus
1323 3541 1476 3618 hostium,
1500 3562 1637 3623 quorum
1664 3543 1765 3624 signis
1791 3542 1872 3605 abu-

473 3650 613 3717 tuntur?
669 3650 705 3718 Si
730 3651 920 3734 transfugae
946 3651 1100 3729 simulati,
1125 3653 1152 3716 si
1178 3653 1405 3736 exploratores
1431 3652 1730 3735 deprehenduntur,
1754 3655 1781 3717 si
1808 3655 1873 3732 alii,

473 3763 529 3847 qui
548 3783 683 3847 quoquo
702 3763 802 3826 modo
820 3763 950 3826 dedisse
968 3763 1054 3827 hosti
1070 3765 1171 3828 uerba
1186 3765 1348 3843 uidentur,
1366 3784 1409 3828 an
1428 3765 1521 3847 quasi
1540 3765 1662 3828 milites
1681 3773 1873 3844 tractentur,

475 3875 620 3958 expedio
635 3875 748 3938 statim
763 3874 796 3938 iu
811 3873 909 3942 titulo
923 3876 966 3942 de
981 3875 1180 3959 transfugiis.

474 4290 483 4319 ¹
501 4290 551 4340 Dio
562 4289 606 4338 lib.
619 4302 658 4352 50.
670 4303 691 4338 c.
706 4301 745 4353 ²9·
810 4286 899 4337 ’ΧειιΙ
914 4295 935 4348 7.
947 4288 1042 4351 Cyrop.
1106 4288 1116 4317 ⁸
1131 4287 1199 4340 Suet.
1211 4289 1283 4339 Caes.
1297 4292 1335 4353 58.
1401 4289 1410 4319 ⁴
1426 4290 1519 4355 Diony.
1531 4291 1575 4340 lib.
1588 4302 1611 4354 5.
1623 4306 1644 4342 c.
1658 4302 1700 4355 πῃ
1718 4291 1833 4355 Polym.
1849 4293 1875 4344 8.

554 4369 565 4401 ³
582 4371 698 4435 Polyaen.
712 4383 735 4419 1.
748 4384 769 4418 r.
783 4384 805 4432 3.
817 4382 839 4433 5.
854 4378 875 4431 7.
888 4368 911 4416 8.
1007 4367 1018 4396 ⁶
1035 4369 1063 4418 P.
1075 4368 1146 4418 Aem.
1160 4382 1182 4420 1.
1195 4383 1217 4420 ι.
1229 4384 1252 4433 5.
1264 4371 1294 4429 6;
1312 4370 1400 4424 Guicc.
1414 4386 1460 4437 14;
1473 4373 1527 4424 lou.
1539 4375 1599 4432 ult.;
1616 4375 1677 4424 lust.
1690 4373 1754 4424 Gen.
1767 4388 1790 4436 3.

621 4453 631 4482 ¹
648 4453 703 4503 Iou.
717 4466 756 4516 34
855 4449 865 4480 ⁸
881 4449 945 4499 Cod.
956 4451 987 4500 de
999 4458 1060 4502 mut.
1071 4466 1111 4501 no.
1125 4453 1162 4515 (9.
1176 4453 1228 4513 25).
1326 4453 1336 4483 l
1353 4453 1441 4504 Chass.
1456 4468 1476 4506 1.
1486 4457 1545 4507 Cat.
1560 4467 1598 4520 ιγ.
1610 4458 1673 4508 Con.
1686 4457 1726 4519 38.

1562 4603 1873 4616 -—·-·——---··-——-
