4498 5566
717 744 778 798 DE
808 743 912 798 June
941 744 1076 810 asnar,
1108 745 1187 797 Lm.
1211 743 1235 810 J,
1268 743 1403 798 caer.
1738 755 1758 815 9

357 997 515 1053 sexcenta
538 988 611 1054 alia.
666 988 712 1052 Et
734 987 944 1066 Aristoteles,
968 987 1114 1053 ‘Omnes
1136 986 1287 1052 homines
1310 996 1427 1050 natura
1454 986 1535 1051 scire
1557 986 1758 1052 desiderant.

358 1101 507 1167 ‘Omnes
522 1110 680 1185 appetere
695 1101 819 1164 bonum
838 1098 1030 1176 uidentur¹,'
1049 1110 1110 1163 etc.
1156 1099 1248 1163 Nota
1262 1097 1344 1164 haec
1360 1109 1446 1164 sunt.
1469 1120 1555 1183 quae
1573 1100 1600 1164 si
1620 1100 1759 1183 probare

357 1222 473 1290 tentes,
496 1213 651 1277 obscures
660 1211 682 1276 ².
710 1221 798 1276 certe
821 1211 1027 1275 demonstres
1050 1209 1177 1288 frustra,
1195 1211 1423 1276 demonstrata
1440 1232 1526 1294 quae
1548 1220 1626 1277 sunt
1635 1212 1657 1278 ³.
1703 1211 1759 1278 Sic

356 1326 399 1388 de
421 1325 558 1388 notoriis
579 1323 715 1388 tradunt
741 1323 936 1406 interpretes
958 1323 1036 1386 iuris
1062 1343 1186 1401 omnes,
1209 1343 1248 1386 ea
1270 1321 1415 1403 allegare
1441 1323 1576 1405 quidem
1598 1333 1759 1406 oportere,

357 1436 415 1498 sed
435 1435 575 1517 probare
595 1455 661 1499 non
683 1444 833 1516 oportere
846 1432 868 1500 ⁴.
914 1433 1004 1499 Satis
1024 1433 1200 1516 probatum
1217 1441 1275 1511 est,
1291 1432 1342 1496 ius
1361 1454 1433 1497 esse
1452 1433 1609 1512 naturale,
1625 1436 1715 1518 quod
1731 1435 1758 1498 si

357 1546 437 1628 quid
454 1545 555 1611 facias
569 1547 727 1610 aduersus
743 1545 833 1624 illud,
846 1555 882 1610 tu
898 1546 951 1610 uel
964 1545 1090 1628 pudore
1105 1553 1275 1627 correptus
1290 1545 1414 1610 sactum
1430 1567 1641 1628 suppressum
1656 1547 1758 1612 uelis:

356 1666 414 1722 aut
437 1659 464 1722 si
484 1680 523 1722 eo
545 1658 741 1741 processeris
764 1657 998 1740 impudentiae,
1022 1667 1058 1721 ut
1082 1656 1222 1733 fatearis,
1244 1655 1478 1740 defendasque‚
1500 1659 1623 1721 sentias
1645 1668 1758 1722 tamen

358 1769 455 1846 idem,
473 1771 562 1852 quod
586 1769 727 1834 traditur
748 1769 791 1832 de
813 1767 866 1834 his
888 1770 1067 1846 sententiis,
1086 1789 1171 1851 quae
1194 1768 1365 1832 axiomata
1388 1769 1608 1848 nominantur,
1625 1769 1758 1834 delendi

357 1878 481 1943 iactum
512 1901 578 1942 non
608 1900 715 1962 posse.
761 1879 860 1943 ‘Hoc
885 1890 936 1945 est
962 1881 1147 1943 maximum
1174 1889 1312 1944 naturae
1342 1881 1503 1958 meritum,
1529 1889 1565 1944 ut
1592 1881 1696 1945 uirtus
1725 1881 1758 1946 in

358 1993 530 2054 ‘omnium
546 1991 674 2054 animos
689 1991 801 2054 lumen
818 2011 913 2054 suum
929 1992 1088 2056 immittat
1097 1989 1131 2055 ⁵.'
1156 1991 1333 2055 ‘Interiore
1347 1993 1457 2055 nescio
1469 2012 1535 2074 qua
1550 1989 1758 2056 conscientia'

357 2099 476 2186 (inquit
499 2099 722 2188 Augustinus)
746 2101 889 2166 ‘isthaec
912 2103 1072 2167 sentimus
1083 2099 1114 2168 ‘l’
1154 2102 1272 2185 ‘Quod
1296 2124 1373 2167 uere
1397 2102 1521 2168 malum
1544 2100 1613 2182 est,'
1637 2099 1758 2188 (inquit

357 2211 595 2298 Tertullianus)
612 2217 669 2278 ‘ne
686 2214 747 2295 ipsi
763 2213 906 2297 quidem,
922 2235 1006 2296 quos
1023 2213 1116 2297 rapit,
1131 2214 1309 2279 defendere
1324 2235 1384 2296 pro
1399 2215 1487 2278 bono
1503 2215 1636 2280 audent.
1659 2236 1758 2280 omne

357 2329 365 2357 ‘
382 2327 505 2390 malum
521 2335 579 2388 aut
595 2327 721 2401 timore,
736 2335 793 2388 aut
811 2324 937 2406 pudore
956 2334 1072 2389 natura
1090 2325 1234 2407 perfudit
1244 2324 1275 2388 ⁷.'
1321 2325 1367 2389 Et
1383 2346 1449 2388 non
1465 2325 1589 2390 iustitia
1604 2325 1682 2404 sola,
1698 2327 1756 2390 sed

356 2447 390 2502 et
412 2439 519 2520 pudor
537 2437 656 2501 missus
679 2437 798 2501 dicitur
820 2439 862 2500 de
886 2435 987 2515 caelo,
1006 2437 1061 2518 qui
1080 2436 1232 2500 homines
1255 2447 1390 2520 regeret,
1410 2447 1443 2502 et
1466 2436 1500 2501 in
1523 2437 1631 2502 officio
1653 2439 1757 2502 conti-

357 2548 480 2613 neret⁸.
525 2548 643 2631 ‘Quod
667 2547 743 2612 licet
765 2557 902 2629 possent
920 2567 1049 2630 negare,
1069 2567 1134 2611 non
1157 2557 1291 2630 possent
1313 2558 1424 2612 tamen
1449 2569 1514 2612 non
1537 2547 1757 2614 erubescere:’

357 2662 403 2725 sic
426 2659 655 2724 Ambrosius⁹.
702 2658 757 2722 Sic
784 2659 1009 2723 iurisconsulti
1037 2660 1138 2738 aiunt,
1165 2681 1226 2724 nec
1251 2660 1372 2723 iustum
1400 2658 1547 2742 intelligi,
1574 2662 1664 2742 quod
1692 2682 1757 2726 non

358 2772 533 2856 eleganter,
548 2774 636 2855 quod
654 2792 719 2836 non
741 2772 811 2836 sine
830 2774 962 2855 pudore,
981 2792 1046 2836 non
1066 2773 1247 2836 secundum
1267 2774 1436 2855 pudorem,
1453 2793 1519 2837 non
1539 2795 1583 2838 ex
1602 2793 1758 2838 uerecun-

355 2886 411 2950 dia
427 2884 676 2949 desideratur¹⁰.
722 2885 774 2949 Ita
789 2885 839 2949 ius
855 2883 1041 2949 defenditur
1055 2885 1213 2966 gentium.

402 2997 471 3063 Sed
490 2997 570 3062 illud
590 2997 778 3082 probabunt
801 2998 901 3062 etiam
924 2998 1107 3062 sententiae
1126 3018 1320 3080 magnorum
1340 3007 1511 3062 auctorum
1531 3018 1649 3081 saepe:
1673 3017 1758 3078 quae

359 3111 391 3174 in
424 3119 567 3175 tractatu
601 3119 713 3174 nostro
751 3097 913 3175 tenebunt
950 3109 1068 3189 locum,
1099 3119 1136 3174 ut
1173 3112 1206 3172 in
1239 3110 1311 3174 aliis
1343 3111 1476 3186 artibus,
1511 3120 1544 3174 et
1577 3108 1758 3191 disciplinis

357 3219 511 3282 omnibus
541 3228 663 3282 tenent.
711 3218 843 3282 Scilicet
874 3218 920 3283 sic
955 3216 1154 3300 Philosophi,
1185 3219 1231 3283 sic
1260 3218 1425 3301 sapientes
1455 3216 1545 3300 loqui
1575 3216 1757 3281 secundum

358 3341 509 3396 naturam
540 3350 747 3395 consueuere.
811 3329 856 3393 Et
889 3331 935 3394 sic
966 3331 1121 3413 exempla
1152 3350 1264 3394 eorum
1294 3330 1358 3394 huc
1390 3330 1532 3407 uenient,
1565 3329 1620 3410 qui
1654 3327 1757 3410 probi,

358 3452 391 3506 et
423 3442 553 3525 probati
582 3439 754 3506 habentur.
800 3462 877 3505 narn
908 3452 941 3506 et
972 3443 1024 3506 isti
1059 3443 1165 3525 egisse
1196 3443 1378 3505 secundum
1412 3450 1562 3505 naturam
1594 3441 1756 3504 uidentur.

358 3553 557 3636 Quanquam
589 3554 676 3616 enim
710 3574 770 3618 nec
801 3554 843 3617 sit
874 3553 1038 3635 exemplis
1069 3553 1280 3617 iudicandum
1291 3551 1335 3616 ¹¹:
1373 3561 1406 3616 et
1437 3572 1536 3616 aurea
1569 3571 1608 3615 ea
1638 3551 1758 3616 dicitur

361 3665 533 3728 Iustiniani
556 3665 621 3729 lex.
650 3665 693 3728 ab
721 3665 883 3746 exemplis
907 3675 1019 3729 tamen
1046 3664 1120 3728 duci
1144 3664 1351 3746 probabilem
1378 3665 1609 3742 coniecturam,
1632 3673 1758 3728 certum

359 3786 417 3839 est.
463 3785 496 3838 et
524 3776 557 3838 in
585 3775 686 3839 dubio
713 3771 922 3839 iudicandum
950 3777 1018 3837 imo
1043 3785 1091 3838 est
1116 3775 1301 3856 exemplis:
1335 3785 1368 3839 et
1398 3796 1473 3838 cum
1504 3777 1586 3839 itum
1614 3775 1647 3836 in
1679 3794 1755 3838 con-

357 3887 565 3949 suetudinem
589 3895 639 3948 est
649 3885 682 3949 ¹².
728 3886 847 3967 Neque
870 3887 957 3948 enim
981 3894 1108 3948 mutare
1131 3887 1236 3962 decet,
1255 3906 1340 3966 quae
1363 3895 1487 3949 certam
1511 3884 1755 3948 obseruantiam

521 4135 527 4163 ¹
546 4135 625 4184 Arist.
637 4135 699 4199 prin.
712 4133 825 4200 Metapb.
837 4140 861 4184 et
875 4132 931 4182 Eth.
1096 4132 1106 4160 ²
1124 4132 1202 4182 Arist.
1214 4145 1229 4194 3
1242 4131 1289 4181 Rh.
1305 4143 1334 4194 17
1346 4149 1353 4192 ;
1369 4132 1445 4183 Card.
1459 4146 1480 4182 1.
1492 4133 1523 4183 de
1534 4133 1592 4198 Sap.

398 4221 407 4248 ³
425 4218 441 4267 l.
456 4232 477 4266 1,
489 4217 520 4267 de
532 4218 573 4266 do.
585 4217 693 4282 praeleg.
709 4218 753 4279 (D.
767 4231 805 4279 32·
821 4217 855 4278 a).
989 4214 997 4243 ⁴
1015 4215 1090 4280 Greg.
1102 4215 1177 4265 Decr.
1191 4229 1212 4263 a.
1227 4228 1264 4265 21.
1399 4215 1409 4245 ¹
1426 4215 1481 4265 Seu.
1494 4232 1518 4279 4.
1529 4216 1560 4266 de
1572 4214 1655 4266 Benel.
1669 4229 1706 4278 17·

452 4301 462 4330 ⁰
480 4302 547 4365 Aug.
559 4301 591 4350 de
602 4300 664 4352 Util.
677 4301 751 4349 Cred.
763 4315 783 4349 c.
798 4299 836 4349 16.
946 4297 956 4326 ⁷
975 4299 1042 4347 Tert.
1054 4297 1132 4363 Apol.
1145 4315 1167 4349 c.
1181 4312 1201 4347 1.
1318 4297 1328 4328 ¹
1345 4298 1407 4348 Plat.
1420 4299 1503 4350 Prota.
1517 4303 1552 4369 (p.
1566 4313 1612 4361 3²²
1625 4301 1659 4360 c).

354 4387 364 4414 ⁹
382 4385 458 4435 Amb.
471 4397 493 4447 3.
506 4383 537 4433 de
550 4383 598 4434 off.
613 4397 650 4447 14·
827 4382 845 4411 ¹⁰
863 4381 879 4431 l.
893 4396 915 4444 3.
931 4395 968 4446 19.
981 4381 1012 4430 de
1024 4397 1090 4431 usur.
1105 4383 1150 4444 (D.
1167 4395 1204 4431 aa.
1220 4384 1260 4442 1);
1279 4382 1295 4432 l.
1311 4395 1348 4444 ¹5·
1360 4381 1392 4431 de
1403 4382 1475 4432 cond.
1488 4383 1520 4434 in.
1534 4382 1579 4446 (D.
1594 4396 1631 4432 ra.
1644 4382 1686 4445 6);
1704 4381 1720 4430 l.
1734 4383 1757 4429 8.

693 4466 734 4531 qui
747 4481 796 4514 mo.
808 4466 842 4530 pi.
855 4481 890 4515 so.
904 4465 949 4526 (D.
965 4479 1001 4513 20.
1014 4464 1058 4526 6);
1076 4465 1093 4513 l.
1109 4479 1145 4528 14.
1158 4465 1189 4515 de
1201 4481 1259 4530 nup.
1274 4465 1320 4528 (D.
1334 4479 1371 4528 23.
1386 4469 1419 4530 a).

520 4549 538 4579 ¹¹
554 4549 571 4599 l.
586 4563 625 4612 ¹3·
637 4550 666 4599 C.
679 4549 710 4599 de
721 4554 825 4598 sentent
838 4551 873 4611 (7.
886 4553 943 4611 45l3
961 4547 1018 4598 Alc.
1032 4564 1054 4612 5.
1067 4564 1134 4612 eons.
1148 4563 1186 4612 33,
1195 4555 1220 4604 et
1229 4547 1252 4597 6.
1266 4562 1314 4612 505
1330 4548 1415 4604 Decio„
1429 4563 1452 4611 3.
1465 4564 1531 4599 cons.
1546 4563 1599 4600 100.

717 4631 735 4662 ¹²
752 4631 833 4684 Socin.
845 4648 895 4697 reg.
910 4633 972 4689 280;
991 4630 1070 4697 Ceph.
1083 4648 1152 4684 cons.
1167 4646 1204 4695 ²5·
1216 4632 1257 4697 96.
1271 4645 1325 4682 1²0.
1338 4643 1393 4696 307.

356 4779 747 4790 .—-——--——---.-.-.-.--
756 4785 784 4790 .-
790 4785 808 4789 .-

1048 4859 1069 4906 C
