4522 5570
503 728 564 790 108
988 741 1190 795 ALBERICI
1219 741 1419 796 GENTILIS

498 988 613 1060 putem
640 981 685 1052 sic
713 1003 792 1059 esse,
817 992 853 1045 ut
879 984 1007 1047 dicitur.
1039 995 1071 1047 et
1095 985 1256 1066 recipitur,
1285 986 1460 1068 imperium
1487 1007 1559 1050 esse
1584 997 1679 1051 uetus
1703 990 1903 1071 Romanurn,

499 1089 637 1155 Carolus
660 1094 746 1156 enim
772 1093 915 1177 Magnus
938 1096 990 1160 hic
1013 1097 1045 1158 in
1070 1096 1252 1160 Occidente
1276 1099 1466 1161 Romanum
1489 1099 1663 1179 imperium
1688 1101 1730 1164 de
1750 1103 1901 1166 manibus

497 1203 662 1284 pontificis
689 1204 841 1282 Romani,
865 1207 948 1270 scitu
977 1207 1119 1270 Romani
1146 1207 1259 1289 populi
1285 1210 1432 1290 accepit:
1464 1217 1497 1272 et
1524 1205 1627 1294 (quod
1655 1212 1761 1292 inquit
1787 1211 1901 1276 Alcia-

496 1311 585 1399 tus¹)
612 1315 834 1380 instaurarunt
879 1316 986 1380 Aiunt
1013 1318 1077 1395 alii,
1104 1329 1236 1399 partum
1266 1319 1330 1384 hoc
1357 1320 1457 1383 armis
1484 1321 1658 1402 imperium
1687 1321 1825 1386 Carolo:
1864 1334 1901 1387 ut

497 1435 639 1508 suntque
659 1426 788 1491 litterae
809 1428 973 1509 pontificis
995 1429 1027 1491 in
1049 1431 1082 1492 id
1099 1440 1306 1494 recantantes
1316 1430 1338 1495 ³.
1384 1431 1452 1495 Sed
1470 1452 1536 1494 non
1554 1453 1616 1514 ego
1631 1441 1742 1496 statuo
1759 1434 1899 1497 multum

497 1539 656 1601 momenti
680 1540 712 1602 in
736 1561 774 1603 ea
797 1539 989 1604 differentia.
1045 1539 1135 1604 Satis
1158 1551 1216 1618 est,
1239 1544 1328 1625 quod
1353 1542 1543 1606 Romanum
1567 1544 1739 1626 imperium
1762 1547 1899 1626 accepit.

495 1648 541 1711 Et
568 1670 634 1712 non
660 1649 738 1715 facit
762 1651 872 1715 Caroli
899 1672 1039 1734 persona
1062 1662 1209 1729 externa,
1232 1655 1407 1735 quominus
1430 1654 1510 1717 illud
1535 1655 1708 1736 imperium
1735 1657 1898 1719 manserit.

493 1761 578 1824 sicut
599 1783 705 1844 neque
726 1764 759 1826 id
779 1762 856 1827 fecit
876 1784 1016 1846 persona
1035 1764 1175 1837 Numae,
1193 1764 1301 1842 Prisci,
1319 1765 1434 1839 Seruii,
1453 1766 1628 1846 quominus
1647 1785 1783 1847 regnum
1806 1787 1898 1829 man·

494 1875 572 1935 serit
590 1874 827 1937 Romanorum.
874 1876 992 1957 Neque
1008 1875 1162 1938 differunt
1177 1874 1278 1939 haec:
1301 1877 1378 1958 quia
1395 1876 1522 1940 Priscus
1543 1886 1576 1939 et
1594 1875 1727 1939 Seruius
1743 1877 1809 1939 iam
1824 1887 1896 1940 tum

493 1984 572 2048 sacti
592 1985 736 2049 Romani
755 1996 856 2064 erant,
874 2006 976 2068 quum
994 1988 1037 2050 ad
1057 2007 1193 2068 regnum
1213 1998 1467 2051 assumerentur.
1515 1989 1604 2050 Nam
1626 1988 1668 2050 de
1688 1988 1799 2051 Numa
1819 1989 1897 2070 quid

492 2094 653 2161 dicimus?
698 2097 742 2161 Et
767 2097 905 2162 Carolus
928 2099 1029 2163 etiam
1054 2108 1123 2161 erat
1146 2109 1244 2162 antea
1264 2100 1456 2163 Romanus:
1480 2101 1536 2182 qui
1555 2099 1718 2180 patricius,
1734 2109 1768 2161 et
1787 2102 1897 2163 nescio

492 2209 574 2272 alius
594 2210 700 2291 qualis
720 2209 781 2273 suit
801 2210 929 2273 Romae
938 2207 961 2273 ⁴.
1006 2208 1113 2273 Simul
1133 2231 1208 2273 cum
1229 2211 1366 2292 imperio
1388 2221 1526 2293 accepto
1548 2210 1609 2273 ruit
1631 2211 1814 2274 Romanus.
1845 2220 1896 2275 est

492 2321 580 2383 enim
604 2321 783 2403 imperator
805 2322 848 2385 de
871 2321 1027 2403 imperio:
1060 2330 1095 2384 ut
1119 2331 1169 2384 est
1192 2331 1292 2404 caput
1316 2323 1358 2385 de
1381 2341 1525 2404 corpore.
1573 2323 1691 2404 Neque
1713 2322 1897 2403 excipietur

490 2442 605 2495 contra
632 2433 721 2515 ipsos
744 2434 920 2515 eligentes:
952 2434 1044 2515 quasi
1072 2431 1099 2494 is
1125 2431 1267 2515 populus
1294 2453 1359 2495 non
1388 2432 1560 2496 Romanus
1584 2431 1689 2509 suerit,
1711 2433 1767 2514 qui
1795 2432 1895 2515 elegit

492 2543 656 2622 Carolum,
679 2546 737 2608 sed
762 2554 974 2608 externorum
998 2543 1154 2607 colluuies
1177 2545 1349 2626 quaedam.
1380 2544 1461 2607 item
1485 2564 1591 2625 neque
1613 2542 1773 2624 populum
1797 2552 1894 2624 potu·

489 2655 561 2733 isse,
577 2676 683 2737 neque
701 2656 893 2737 pontificem
911 2656 1044 2718 adeam
1064 2653 1259 2718 electionem
1278 2656 1333 2732 ire,
1350 2656 1504 2718 Romano
1525 2654 1894 2735 Constantinopolitano

489 2767 687 2847 imperatore
703 2767 837 2829 domino
856 2786 916 2830 nec
932 2766 1074 2841 iubente,
1092 2786 1151 2828 nec
1172 2767 1332 2830 consulto.
1378 2768 1468 2830 Nam
1487 2767 1529 2829 ad
1549 2766 1758 2829 identitatem
1778 2766 1892 2847 populi

394 2883 395 2888 ’
488 2879 578 2959 quod
601 2877 731 2952 attinet,
751 2877 811 2940 etsi
835 2877 899 2940 dici
922 2877 1011 2939 idem
1035 2875 1176 2958 populus
1199 2897 1265 2940 non
1289 2878 1401 2959 possit,
1417 2879 1444 2940 si
1467 2898 1533 2940 uno
1557 2885 1726 2940 momento
1746 2874 1894 2939 sublatus

488 2997 584 3052 uetus
604 2988 711 3051 omnis
732 2997 827 3065 esset,
844 2996 878 3051 et
900 3008 1004 3050 nouus
1025 2987 1086 3049 iste
1107 2986 1256 3050 colluuiei
1273 2989 1477 3062 substitutus,
1495 2997 1607 3051 tamen
1623 2989 1711 3051 idem
1728 2997 1778 3050 est
1794 2997 1892 3062 certe,

487 3100 514 3164 si
533 3100 692 3182 paulatim
712 3108 856 3162 mutatus
876 3107 934 3175 est,
950 3099 1011 3160 etsi
1030 3107 1129 3162 totus.
1160 3099 1243 3163 sicut
1262 3100 1356 3163 nauis
1375 3101 1491 3163 eadem
1509 3109 1567 3177 est,
1584 3098 1678 3163 sicin
1695 3107 1803 3161 totum
1821 3118 1892 3160 mu-

486 3211 591 3274 tata⁵.
623 3221 656 3274 et
679 3213 796 3274 eadem
819 3209 906 3292 legio
929 3211 974 3272 sic
998 3219 1066 3272 est:
1090 3219 1126 3273 ut
1143 3210 1188 3272 ita
1207 3211 1277 3273 dux
1297 3212 1432 3292 quidam
1455 3213 1497 3274 ad
1517 3211 1701 3284 Tertianos,
1717 3212 1806 3293 quod
1830 3211 1892 3273 sub

487 3322 535 3384 M.
556 3322 706 3386 Antonio
727 3321 874 3398 Parthos,
890 3321 951 3384 sub
974 3321 1161 3385 Corbulone
1180 3321 1343 3385 Armenio
1366 3333 1441 3404 post
1461 3321 1632 3386 Sarmatas
1655 3322 1859 3404 pepulissent
1869 3321 1891 3386 ⁶.

487 3433 577 3498 Sane
595 3435 683 3497 enim
701 3443 778 3515 post
796 3453 899 3495 annos
918 3435 1180 3513 centum,'quum
1204 3433 1267 3495 iste
1286 3433 1481 3515 loqueretur,
1501 3454 1599 3496 nemo
1621 3453 1791 3514 superesse
1809 3432 1891 3495 Ter-

484 3546 649 3609 tianorum
672 3546 790 3627 potuit,
805 3546 861 3626 qui
885 3545 945 3607 sub
965 3543 1115 3608 Antonio
1139 3545 1330 3608 militarunt.
1375 3545 1422 3609 Et
1443 3565 1509 3608 non
1528 3543 1582 3608 ille
1601 3543 1684 3606 alius
1702 3565 1816 3626 aeque,
1832 3545 1888 3626 qui

485 3656 615 3735 clamat,
632 3657 768 3720 desiisse
785 3635 864 3719 olim
881 3654 1114 3731 Athenienses,
1131 3666 1183 3719 tot
1199 3656 1347 3720 cladibus
1363 3657 1555 3733 exstinctos,
1571 3665 1606 3718 at
1625 3655 1798 3718 colluuiem
1815 3664 1888 3718 tan·

483 3779 556 3834 tum
572 3769 743 3832 nationum
759 3766 956 3849 superfuisse
965 3766 986 3830 ⁷.
1029 3767 1158 3844 UeriuS‚
1173 3767 1309 3849 aequius
1327 3766 1456 3844 Caesar,
1471 3767 1526 3849 qui
1543 3776 1576 3829 et
1591 3764 1642 3828 his
1658 3767 1763 3848 parcit
1778 3764 1887 3829 Athe-

484 3881 661 3957 niensibus
677 3890 710 3944 et
727 3880 864 3943 ‘seruari
888 3899 945 3942 eos
968 3900 987 3941 a
1011 3878 1166 3942 mortuis'
1188 3877 1423 3943 contestatur⁸.
1469 3877 1586 3959 Atque
1608 3878 1651 3940 de
1674 3878 1886 3959 responsione

483 3995 545 4056 ista
568 4013 634 4055 non
658 3992 783 4068 dubito,
800 3992 878 4073 quin
902 4012 979 4055 uera
1001 3992 1052 4055 sit.
1099 3990 1258 4055 Subditos
1274 4010 1351 4054 uero
1367 3990 1544 4053 destitutos
1559 3989 1685 4052 auxilio
1701 3989 1856 4071 principis
1864 3990 1886 4064 ⁹,

483 4113 518 4167 ut
545 4104 696 4166 destituti
724 4103 867 4166 Romani
897 4112 968 4165 tum
995 4123 1016 4164 a
1042 4102 1411 4182 Constantinopolitano
1437 4109 1538 4178 erant,
1565 4108 1598 4163 et
1621 4101 1720 4163 armis
1747 4099 1885 4163 afflictos

481 4214 663 4291 hostilibus
690 4225 726 4278 ut
753 4223 824 4277 tum
852 4213 996 4277 Romani
1024 4233 1044 4274 a
1070 4212 1299 4293 Longobardis
1325 4212 1562 4295 affligebantur,
1589 4232 1687 4293 posse
1712 4212 1755 4274 ad
1783 4211 1897 4274 alium*

612 4416 621 4444 ¹
638 4415 695 4465 Alc.
706 4415 723 4464 l.
738 4416 792 4463 118.
804 4414 836 4462 de
847 4412 879 4462 U.
891 4412 917 4462 S.
930 4413 975 4475 (D.
988 4423 1027 4473 50.
1042 4411 1092 4472 16).
1157 4409 1167 4438 ²
1184 4411 1248 4474 Egn.
1261 4410 1306 4460 Ca.
1319 4410 1372 4459 Ma.
1445 4412 1455 4440 ³
1471 4413 1541 4476 Sigo.
1555 4425 1593 4461 12.
1606 4411 1638 4461 de
1650 4411 1692 4461 Re.
1705 4411 1752 4460 Ita.

531 4493 939 4558 ⁴c.na.dist.63;c.3.2.q.6.
1022 4491 1831 4556 ⁶1.24.de1eg.1.not.(1).30);1.83.deu.0.(1).45.1).

678 4578 687 4606 ⁸
704 4579 764 4626 Tae.
778 4591 799 4638 3.
813 4575 880 4625 Hist.
895 4591 932 4638 ²4·
1089 4573 1099 4602 ⁷
1117 4573 1177 4623 Tac.
1195 4589 1219 4622 2.
1230 4575 1279 4622 An.
1292 4587 1332 4637 55.
1490 4575 1499 4604 ⁸
1516 4575 1576 4624 Dio.
1590 4575 1633 4625 lib.
1646 4589 1686 4638 4²·

738 4659 747 4688 ⁹
765 4661 845 4710 Castr.
859 4659 922 4722 Rep.
933 4658 949 4706 l.
964 4673 986 4721 5.
998 4656 1029 4706 de
1041 4657 1097 4706 iust.
1110 4658 1155 4720 (D.
1170 4670 1191 4705 1.
1206 4659 1230 4718 1)
1239 4675 1245 4713 ;
1265 4657 1280 4704 l.
1296 4671 1332 4722 19.
1346 4658 1376 4706 de
1389 4673 1444 4723 poe.
1460 4657 1505 4718 (D.
1518 4660 1557 4721 48.
1573 4659 1624 4721 19).
