4498 5566
459 573 605 584 ———

456 700 506 740 xx
950 677 1358 740 PRAEFATIO.

449 917 599 999 gentium
622 915 857 979 nobilissimam
880 935 933 979 nec
954 916 989 978 in
1010 916 1064 979 liis
1085 915 1177 980 modo
1196 937 1370 999 cognoscas,
1388 938 1468 998 quae
1488 916 1568 998 leges
1590 916 1708 980 litteris
1728 917 1858 998 scripta,

455 1030 489 1083 et
507 1030 652 1102 expressa
675 1019 790 1098 uerbis,
805 1019 864 1082 sed
881 1019 915 1084 in
937 1021 1070 1103 reliquis
1095 1021 1249 1100 omnibus,
1272 1042 1353 1103 quae
1374 1031 1453 1084 sunt
1463 1021 1620 1102 plurima,
1634 1030 1667 1083 et
1682 1019 1858 1096 sententiis,

456 1133 611 1205 tanquam
619 1123 774 1205 germina
789 1123 951 1205 stirpibus,
966 1123 1171 1189 clauduntur.

506 1252 593 1316 Uale.
640 1252 739 1316 Oxou.
756 1253 837 1318 Kal.
855 1253 940 1335 Sept.
961 1251 1053 1336 1589.

507 1440 604 1513 Sunt
629 1441 701 1513 hae
727 1442 1060 1515 commentationes
1088 1442 1208 1515 sorma
1238 1441 1476 1536 quaternaria
1502 1440 1653 1516 minore.
1719 1441 1859 1514 Carent

457 1573 701 1669 capitulorum
732 1573 1041 1648 distinctionibus,
1095 1572 1236 1646 Carent
1266 1573 1426 1671 paginae
1453 1577 1626 1649 numeris.
1681 1574 1859 1649 Continet

458 1709 722 1782 commentatio
740 1708 859 1804 prima
878 1734 937 1804 pp.
958 1706 1032 1781 xlii.
1075 1706 1210 1803 lncipit
1225 1713 1233 1741 ‘
1250 1707 1393 1780 Bellum
1411 1723 1470 1780 est
1488 1709 1677 1783 contentio
1695 1707 1858 1781 armata!

461 1841 738 1916 Commentatio
756 1841 919 1916 secunda
936 1842 1101 1916 continet
1115 1866 1174 1938 pp.
1188 1838 1301 1927 lxxiii,
1316 1858 1355 1914 et
1373 1842 1499 1937 incipit
1513 1841 1859 1936 ‘Quemadmodum

462 1981 579 2048 ‘uero
610 1973 750 2048 bellum
781 1975 877 2048 iuste
908 1973 1175 2069 susciperetur.’
1230 1975 1509 2050 Commentatio
1540 1977 1650 2050 tertia
1681 2002 1740 2073 pp.
1774 1948 1858 2047 xcvi

462 2109 636 2194 continet,
655 2124 694 2181 et
712 2108 839 2205 incipit
856 2117 865 2147 ‘
884 2108 1079 2181 Hactenus
1104 2109 1152 2182 de
1172 2108 1250 2182 iure
1274 2134 1358 2182 cum
1383 2110 1607 2206 suscipiendi
1626 2127 1706 2183 tum
1724 2108 1859 2206 agendi

465 2241 647 2316 ‘bellum’

491 2428 493 2437 i
516 2479 577 2551 Ex
602 2479 700 2553 thesi
727 2475 872 2553 libellus
898 2479 1017 2554 factus
1044 2497 1144 2553 erat:
1181 2505 1229 2553 ex
1255 2477 1380 2557 libello
1408 2482 1580 2578 denique,
1609 2497 1694 2578 post
1725 2506 1862 2555 nouem

464 2637 644 2686 annorum
672 2613 920 2715 interuallum,
934 2614 1072 2687 lactum
1099 2629 1157 2686 est
1183 2638 1299 2708 opus;
1327 2615 1428 2709 quod
1450 2614 1660 2702 Hanouiae,
1680 2639 1864 2700 uiuxcvus,

465 2748 565 2844 apud
584 2746 682 2821 Guil.
702 2748 909 2822 Antonium
934 2748 972 2821 in
989 2747 1109 2821 lucem
1128 2749 1272 2845 prodiit.
1320 2749 1471 2822 Titulus
1490 2751 1524 2822 ei
1546 2750 1608 2822 Du
1629 2751 1725 2823 loun
1746 2750 1863 2822 Bnn

464 2905 567 2956 ulum
597 2905 706 2968 Tuus;
741 2884 804 2978 qui
835 2899 911 2956 tres
940 2881 1021 2955 libri
1058 2883 1236 2956 materiae
1271 2884 1468 2980 quinquies
1503 2901 1648 2959 tantum
1683 2902 1864 2981 quantum

466 3031 542 3088 tres
561 3015 644 3090 illae
662 3019 996 3092 commentationes
1015 3018 1214 3091 continent.
1258 3018 1395 3115 Operis
1414 3020 1533 3093 forma
1551 3021 1779 3095 duodenaria
1797 3036 1863 3093 est.

469 3149 741 3225 Praefationem
769 3151 908 3226 nullam
934 3151 1057 3225 habet.
1111 3153 1245 3250 Capita
1276 3173 1314 3226 et
1345 3156 1503 3252 paginae
1532 3155 1703 3254 (quarum
1731 3151 1864 3252 Dccxv)

466 3283 630 3358 numeris
671 3286 954 3384 distinguuntur.
1028 3284 1157 3358 Uerba
1196 3284 1298 3383 siglis
1339 3289 1556 3385 saepissime
1597 3290 1862 3387 exprimuntur.

468 3417 637 3514 Operum
668 3421 864 3493 citatorum
895 3419 978 3493 libri
1006 3435 1159 3506 tantum,
1192 3420 1271 3493 sine
1306 3421 1380 3494 ulla
1410 3424 1572 3520 capitum
1599 3440 1664 3495 aut
1690 3448 1865 3496 uersuum

467 3553 665 3638 mentione,
692 3554 899 3627 indicantur
910 3559 932 3626 ¹.

520 3686 647 3761 Editio
675 3687 801 3776 altera,
830 3688 941 3785 priori
969 3686 1164 3773 simillima,
1191 3690 1290 3786 apud
1317 3691 1476 3764 heredes
1504 3689 1671 3763 eiusdem
1697 3687 1865 3776 Antonii,

472 3821 682 3908 Hanouiae,
701 3848 798 3896 anno
824 3847 967 3908 uucxu,
992 3823 1138 3918 prodiit.
1188 3825 1328 3898 lterum
1350 3827 1449 3922 typis
1473 3827 1670 3900 mandatus
1695 3841 1754 3900 est
1776 3841 1867 3898 trac-

468 3973 568 4030 tatus
587 3973 714 4031 noster
732 3957 768 4029 in
792 3957 910 4053 primo
937 3956 1125 4031 uolumine
1149 3958 1322 4034 editionis
1340 3960 1380 4031 A
1387 3962 1512 4033 iberici
1537 3960 1695 4035 Gentilis
1716 3970 1866 4057 operum

467 4091 640 4178 omnium,
658 4090 829 4188 Neapoli,
843 4115 1018 4166 Muccuxx
1035 4120 1058 4165 a
1079 4094 1158 4167 loh.
1176 4095 1335 4168 Grauier
1349 4096 1564 4182 inchoatae;
1589 4122 1686 4192 quae
1704 4095 1866 4191 quidem,

511 4377 519 4410 ¹
542 4377 639 4438 Huius
653 4378 788 4438 editionis
802 4377 951 4454 exemplar
960 4377 997 4436 ab
1007 4377 1143 4436 Alberieo
1155 4376 1281 4435 Iohanni
1292 4376 1419 4437 Seldeno
1434 4377 1515 4437 dono
1531 4378 1630 4436 datum
1645 4379 1675 4436 in
1687 4376 1868 4436 Bibliotheca

470 4477 630 4536 Bodleiano
647 4478 823 4537 adseruatur.
866 4475 944 4534 Illius
960 4494 1048 4533 manu
1063 4477 1153 4534 uerba
1168 4475 1310 4535 ‘Alberici
1325 4472 1547 4548 munusculum,'
1564 4477 1648 4535 huius
1664 4475 1744 4534 ‘Iob
1761 4475 1868 4536 Selden

468 4579 528 4650 περὶ
541 4578 634 4634 παντὸς
647 4577 692 4647 τὴν
706 4573 869 4650 ε’λευθερίαν,’
884 4576 914 4632 in
929 4575 1071 4653 principio
1086 4576 1183 4651 operis
1199 4577 1369 4635 scribuntur.
