4498 5566
480 756 519 800 10
964 741 1169 800 ALBERICI
1197 745 1397 800 GENTILIS

477 1007 609 1071 semper
633 989 829 1054 habuerunt.
860 998 893 1053 et
923 989 1048 1052 firmius
1077 989 1234 1052 iudicium
1265 989 1416 1067 creditur,
1443 988 1533 1070 quod
1560 987 1776 1070 plurimorum
1804 1007 1878 1049 sen-

477 1102 589 1165 tentiis
605 1101 826 1165 confirmatur.
872 1100 962 1183 Quid
979 1102 1021 1164 de
1036 1101 1137 1183 gestis
1153 1119 1357 1164 summorum
1377 1101 1459 1178 dico,
1480 1110 1513 1164 et
1529 1101 1692 1162 bonorum
1713 1095 1880 1162 uirorum?

478 1213 529 1275 Ea
552 1211 713 1276 imitanda
735 1220 811 1275 sunt
834 1210 1004 1295 semper²:
1035 1214 1204 1277 socordiae
1231 1214 1328 1292 enim,
1351 1222 1384 1276 et
1409 1211 1602 1296 proditionis
1627 1219 1685 1288 est,
1708 1209 1795 1273 nolle
1822 1230 1878 1272 eos

478 1324 607 1402 imitari,
633 1324 689 1406 qui
721 1325 803 1388 tanti
835 1324 974 1388 luerint:
1005 1333 1042 1390 ut
1068 1325 1157 1388 idem
1187 1324 1299 1388 scribit
1329 1324 1549 1400 Iustinianus;
1588 1321 1705 1405 ‘Quod
1738 1321 1878 1386 mundus

476 1435 627 1518 ‘probat
656 1455 722 1498 non
745 1437 853 1499 audeo
879 1432 1100 1519 improbare:’
1133 1435 1257 1500 Baldus
1285 1434 1484 1519 respondit².
1531 1434 1643 1497 Etiam
1673 1442 1879 1516 argumenta,

476 1556 510 1611 et
546 1547 687 1610 rationes
723 1545 846 1610 facient
882 1546 955 1611 hic:
993 1548 1277 1629 quemadmodum
1315 1546 1392 1609 alibi
1433 1544 1541 1608 facere
1578 1544 1880 1608 animaduertimus

478 1657 567 1740 Quid
583 1655 639 1721 ni?
662 1658 781 1722 ‘Ratio
798 1666 831 1722 et
848 1668 898 1722 est
920 1668 1057 1722 naturae
1076 1659 1217 1721 imitatio
1227 1655 1258 1723 ³?
1304 1659 1350 1722 Et
1366 1678 1472 1739 neque
1491 1656 1632 1740 egotibi
1653 1655 1727 1718 dico
1743 1656 1881 1718 demon·

479 1769 662 1847 strationes,
687 1789 771 1851 quas
798 1778 892 1852 petes
919 1790 938 1832 a
964 1769 1224 1847 Mathematic03
1259 1769 1316 1833 sed
1341 1767 1456 1851 quales
1481 1770 1544 1832 ista
1570 1766 1723 1831 tractatio
1747 1765 1880 1847 patitur,

480 1881 651 1944 suasorias.
697 1879 798 1963 Quod
821 1891 855 1944 et
878 1879 1076 1944 Aristoteles
1099 1881 1210 1944 scribit
1228 1880 1261 1942 in
1285 1880 1443 1963 principio
1462 1878 1570 1945 Ethic.
1615 1875 1797 1960 ‘Sapientis
1821 1884 1879 1953 est,

478 1995 638 2056 ‘eatenus
659 2002 815 2055 exactam
837 1992 869 2054 in
891 2013 1090 2074 unoquoque
1111 2012 1231 2075 genere
1249 1991 1505 2074 explicationem
1528 1991 1699 2072 requirere,
1718 1998 1880 2071 quatenus

478 2104 570 2185 ‘pati
595 2103 640 2166 rei
666 2104 767 2185 ipsius
792 2113 910 2167 natura
937 2102 1066 2187 potest!
1111 2104 1217 2168 Erunt
1240 2104 1318 2166 iuris
1342 2103 1532 2168 Iustinianei
1556 2102 1660 2166 ciuilis
1682 2122 1742 2165 nec
1766 2121 1879 2184 pauca,

478 2235 564 2297 quae
583 2215 688 2298 aptari
708 2214 874 2294 ualebunt,
890 2225 948 2280 aut
966 2235 1052 2298 quae
1073 2216 1137 2279 illic
1153 2216 1310 2298 adspersa
1333 2214 1455 2279 dehoc
1479 2215 1548 2278 iure
1570 2223 1647 2277 sunt
1664 2212 1783 2276 bellico
1800 2231 1881 2293 gen·

479 2327 571 2390 tium.
618 2326 824 2390 Rectissime
849 2347 925 2391 nam
946 2328 1028 2391 ratio
1051 2326 1209 2391 naturalis
1227 2328 1407 2390 secundum
1427 2327 1598 2390 hominum
1621 2335 1755 2407 captum
1778 2343 1881 2406 quan-

480 2438 590 2519 doque
606 2438 730 2502 uariat:
753 2438 897 2502 etmulti
914 2460 979 2503 non
996 2448 1065 2502 tam
1082 2441 1207 2503 ratione
1223 2439 1287 2517 illa,
1303 2459 1403 2521 quam
1419 2437 1593 2519 phantasia
1609 2443 1761 2518 aguntur.
1791 2435 1881 2518 leges

478 2557 592 2610 autem
608 2548 695 2612 latae
714 2571 734 2612 a
757 2551 1004 2632 sapientissimis
1023 2552 1107 2630 uiris,
1123 2561 1156 2615 et
1180 2552 1300 2615 iudicio
1319 2551 1426 2614 omnis
1445 2549 1544 2613 seculi
1565 2547 1777 2630 adprobatae‚
1793 2556 1880 2610 certe

480 2679 554 2722 eam
570 2658 731 2723 rationem
751 2670 873 2739 tenent,
889 2683 974 2744 quae
989 2662 1141 2726 Alciatus
1160 2662 1420 2744 sapientissimus
1430 2659 1454 2724 4.
1500 2660 1596 2743 Quae
1615 2660 1737 2742 scripta
1754 2669 1831 2724 sunt
1846 2659 1879 2722 in

479 2768 571 2832 libris
586 2770 686 2832 sacris
703 2770 777 2847 Dei,
789 2792 954 2835 summam
971 2773 1087 2836 merito
1103 2774 1332 2836 auctoritatem
1349 2771 1566 2835 obtinebunt:
1585 2780 1763 2854 postquam
1778 2791 1880 2853 appa-

482 2880 591 2958 ruerit,
610 2902 677 2944 non
702 2882 864 2945 Hebraeis
886 2892 1017 2947 tantum
1041 2885 1163 2966 scripta
1185 2903 1264 2961 esse,
1287 2884 1345 2946 sed
1368 2884 1521 2946 omnibus
1543 2882 1738 2960 hominibus,
1761 2883 1882 2965 ubique

483 2993 643 3074 gentium,
668 3002 701 3057 et
730 2995 935 3076 temporibus
958 2995 1119 3060 omnibus
1149 2994 1232 3059 haec
1258 2995 1345 3058 enim
1370 3015 1442 3057 esse
1467 3015 1564 3057 uerae
1590 3003 1734 3070 naturae,
1761 2995 1794 3057 id
1822 3003 1881 3072 est,

483 3106 673 3184 innocentis,
697 3127 736 3168 ac
759 3107 872 3184 iustae,
892 3107 1108 3170 certissimum
1132 3117 1191 3171 est.
1237 3106 1330 3182 Haec
1353 3107 1542 3169 testimonia
1566 3106 1639 3169 ilico
1662 3106 1773 3169 diuina
1795 3115 1882 3169 sunt.

483 3236 549 3279 non
569 3227 675 3298 egent,
691 3226 728 3281 ut
749 3217 881 3301 reliqua,
897 3219 1053 3299 gradibus
1069 3218 1140 3283 illis.
1185 3218 1302 3281 ‘Haec
1324 3219 1514 3281 testimonia
1536 3227 1663 3299 quanto
1684 3239 1769 3295 uera,
1788 3227 1883 3280 tanto

484 3327 689 3409 ‘simplicia:
714 3338 838 3409 quanto
858 3329 1028 3410 simplicia,
1049 3339 1143 3393 tanto
1163 3329 1333 3410 uulgaria:
1357 3338 1483 3411 quanto
1504 3329 1659 3410 uulgaria,
1679 3339 1772 3393 tanto
1793 3349 1882 3392 com-

483 3438 641 3502 ‘muniaz
686 3449 812 3521 quanto
845 3441 1041 3518 communia,
1072 3449 1165 3503 tanto
1199 3439 1379 3503 naturalia:
1420 3450 1544 3522 quanto
1581 3441 1750 3518 naturalia,
1788 3449 1883 3503 tanto

484 3552 492 3581 ‘
508 3549 621 3612 diuina
632 3549 663 3614 ⁶.’
707 3549 784 3633 Age
806 3551 911 3634 igitur,
928 3552 1061 3634 quando
1080 3571 1147 3614 non
1170 3551 1272 3628 deest,
1290 3553 1378 3615 unde
1398 3551 1513 3615 confici
1534 3553 1661 3633 possint
1677 3552 1884 3616 definitiones

485 3658 580 3722 huius
596 3659 704 3723 bellici
724 3662 808 3740 iuris,
825 3663 978 3744 agedum,
994 3664 1026 3725 in
1044 3663 1149 3745 ipsam
1166 3663 1395 3726 tractationem
1412 3663 1640 3744 ingrediamur.

1098 3913 1187 3986 CAP.
1221 3913 1270 3986 ll.

1029 4098 1132 4172 Belli
1154 4099 1343 4196 Definitio.

529 4285 688 4348 BELLUM
706 4294 756 4348 est
777 4284 981 4368 publicorum
998 4304 1163 4347 armorum
1187 4286 1277 4358 iusta
1289 4284 1467 4347 contentio.
1513 4283 1558 4347 Et
1577 4285 1711 4366 quidem
1727 4283 1805 4346 nihil
1823 4285 1883 4346 nisi

488 4396 699 4460 contenditur
720 4398 753 4459 in
775 4397 873 4460 bello.
913 4406 945 4459 et
969 4415 1135 4457 armorum
1160 4403 1210 4458 est
1233 4396 1410 4459 contentio.
1450 4415 1526 4458 nam
1550 4397 1676 4474 animis,
1699 4416 1763 4460 non
1787 4398 1885 4458 armis

601 4587 609 4617 ¹
627 4587 684 4636 Alc.
699 4601 719 4635 a.
735 4601 802 4635 cons.
817 4599 853 4646 13,
867 4592 891 4632 et
902 4601 925 4648 9.
937 4600 978 4648 44.
1145 4583 1155 4610 ²
1173 4583 1224 4632 Bal.
1238 4601 1260 4648 4.
1273 4601 1339 4634 cons.
1352 4586 1408 4649 496.
1574 4589 1583 4617 ³
1600 4587 1656 4638 Seu.
1669 4587 1716 4652 Ep.
1729 4587 1768 4638 66.

747 4667 756 4696 ¹
774 4667 829 4716 Alc.
842 4680 865 4728 5.
876 4681 944 4716 cons.
958 4668 997 4728 3⁸·
1259 4667 1269 4697 ⁶
1286 4667 1353 4718 Tert.
1365 4669 1396 4718 de
1407 4667 1482 4720 Testi.
1496 4670 1554 4718 Ani.
1565 4686 1586 4720 c.
1600 4683 1621 4733 5.
