4522 5570
454 695 497 762 62
940 705 1142 760 ALBERICI
1169 707 1369 761 GENTILIS

454 947 586 1027 scilicet,
602 968 698 1030 posse
716 967 776 1011 nos
795 947 943 1010 iniuriam
962 948 1040 1030 pati,
1056 947 1117 1012 etsi
1136 967 1202 1012 non
1221 948 1394 1030 patiamur.
1428 950 1518 1031 quod
1535 949 1758 1018 Plutarchus¹.
1805 954 1851 1020 Et

456 1058 587 1137 Baldus,
613 1059 702 1142 quod
730 1058 805 1123 licet
831 1058 937 1122 facere
962 1059 1005 1122 ad
1032 1058 1256 1123 obuiandum:
1289 1079 1350 1123 nec
1379 1060 1500 1124 debeat
1526 1062 1559 1124 in
1585 1072 1753 1144 potestate
1779 1086 1850 1130 esse

454 1171 642 1246 aduersarii,
672 1171 698 1234 si
730 1169 828 1232 uelit:
862 1177 896 1232 et
928 1170 1017 1251 quod
1048 1169 1322 1234 considerandum
1353 1172 1404 1246 sit,
1434 1173 1524 1254 quod
1554 1173 1664 1253 officit,
1694 1177 1850 1259 quodque

454 1281 584 1344 officere
612 1289 722 1363 potest
731 1278 752 1344 ².
799 1280 911 1343 Etiam
941 1281 1185 1362 perseuerantia
1215 1283 1408 1346 concordiae
1438 1284 1523 1348 inter
1545 1283 1710 1350 elementa
1733 1288 1780 1351 sic
1807 1289 1850 1352 ab

453 1413 559 1475 aequa
576 1392 752 1474 partitione
770 1401 839 1456 est:
871 1401 905 1455 et
923 1393 1003 1455 dum
1022 1393 1055 1454 in
1074 1391 1164 1456 nullo
1183 1391 1271 1456 aliud
1290 1393 1333 1456 ab
1355 1393 1420 1458 alio
1437 1394 1609 1459 uincitur³.
1652 1398 1698 1460 Et
1717 1398 1749 1461 id
1768 1399 1849 1464 illud

453 1513 512 1582 est,
530 1504 620 1585 quod
639 1503 906 1585 sapientissimus,
925 1511 958 1566 et
976 1503 1067 1584 pacis
1089 1503 1354 1582 studiosissimus,
1370 1525 1409 1568 ac
1426 1506 1517 1586 pacis
1536 1515 1636 1588 pater,
1653 1507 1850 1576 Laurentius

451 1616 507 1680 ille
522 1615 670 1680 Medices
686 1615 872 1694 procurauit
891 1634 1029 1697 semper,
1045 1623 1080 1678 ut
1099 1635 1150 1678 res
1170 1614 1329 1678 Italorum
1352 1615 1537 1698 principum
1560 1619 1692 1699 paribus
1710 1620 1850 1686 libratae

451 1727 652 1808 ponderibus
667 1725 782 1790 forent.
802 1727 890 1790 unde
905 1735 939 1789 et
956 1725 1071 1789 Italiae
1085 1725 1169 1789 foret
1184 1746 1267 1808 pax:
1291 1746 1376 1807 quae
1392 1736 1426 1790 et
1441 1726 1502 1790 suit
1518 1749 1558 1792 eo
1574 1729 1651 1793 uiuo
1666 1740 1699 1795 et
1712 1733 1850 1796 custode

451 1837 585 1902 huiusce
604 1838 870 1920 temperationis:
901 1847 935 1902 et
953 1858 1038 1919 quae
1053 1837 1150 1902 desiit
1168 1857 1246 1922 pax,
1261 1857 1365 1919 quum
1384 1837 1534 1904 desiisset
1557 1839 1620 1919 ille,
1638 1850 1673 1904 et
1692 1841 1747 1906 illa
1764 1853 1849 1908 tem-

451 1946 607 2032 perati04.
653 1949 778 2032 Magna
800 1948 908 2030 proles
931 1948 1091 2026 Medicea,
1114 1956 1148 2011 et
1174 1947 1245 2010 urbi
1272 1968 1360 2024 suae,
1385 1958 1419 2012 et
1442 1949 1557 2014 Italiae
1584 1951 1728 2033 reliquae
1754 1975 1848 2036 prae-

450 2062 571 2126 sidium
606 2081 772 2142 magnum.
829 2061 907 2124 Non
938 2059 1000 2124 hoc
1029 2060 1099 2142 agit
1124 2059 1316 2137 etiamnum,
1343 2079 1384 2124 ne
1414 2080 1499 2124 unus
1531 2063 1637 2144 possit
1665 2065 1785 2144 omnia,
1815 2076 1849 2130 et

452 2174 586 2257 Europa
601 2175 751 2237 uniuersa
767 2172 799 2235 in
816 2172 911 2235 unius
929 2181 1046 2235 nutum
1067 2169 1244 2235 deueniat?
1288 2171 1362 2234 Nisi
1377 2173 1428 2250 sit,
1443 2174 1533 2254 quod
1548 2175 1680 2239 obstare
1697 2175 1848 2260 Hispano

450 2286 562 2367 possit,
581 2286 677 2350 cadet
696 2304 774 2348 sane
791 2283 933 2365 Europa.
979 2281 1046 2346 ‘Ut
1069 2282 1216 2345 medium
1239 2282 1266 2345 si
1289 2283 1362 2364 quis
1384 2283 1486 2347 uellat
1509 2284 1551 2348 de
1573 2285 1696 2351 fornice
1718 2308 1847 2366 saxum,

450 2397 667 2462 ‘incumbunt
690 2395 740 2458 cui
764 2404 890 2473 cuncta,
913 2393 1010 2458 simul
1032 2394 1164 2458 deuexa
1186 2403 1366 2475 sequentur
1387 2404 1496 2459 cetera
1506 2392 1540 2461 ὅ]
1584 2398 1673 2476 Non,
1697 2419 1762 2463 non
1785 2398 1848 2464 hoc

449 2509 708 2592 permittendum
735 2516 786 2570 est
810 2525 977 2588 umquam,
997 2514 1033 2570 ut
1058 2505 1248 2588 cuiusquam
1272 2505 1475 2588 principatus
1502 2507 1689 2572 intantum
1714 2519 1847 2590 crescat,
1898 2559 1899 2562 ,

450 2630 486 2686 ut
509 2641 616 2703 neque
634 2620 677 2683 de
696 2617 869 2682 manifesta
892 2616 1048 2680 iniustitia
1071 2616 1168 2681 liceat
1190 2616 1280 2698 apud
1303 2637 1379 2680 eum
1402 2618 1561 2696 dubitare,
1579 2620 1669 2700 quod
1689 2618 1847 2702 Polybius

449 2732 495 2798 ait
504 2732 525 2796 ⁶.
549 2741 582 2796 et
598 2731 652 2809 ait,
667 2731 758 2812 quod
775 2729 879 2793 Hiero
894 2738 1069 2811 propterea
1085 2727 1362 2810 Carthaginenses
1378 2728 1411 2791 in
1427 2729 1513 2793 bello
1529 2731 1611 2796 iuuit
1630 2741 1745 2796 contra
1763 2753 1847 2795 mer-

448 2843 603 2920 cenarios,
614 2863 656 2906 ne
673 2840 986 2924 Carthaginensibus
1002 2841 1166 2923 oppressis
1182 2839 1325 2903 Romani
1341 2839 1451 2904 omnia
1467 2852 1612 2923 possent.
1659 2842 1714 2907 Sic
1732 2843 1847 2907 Liuius

448 2956 492 3020 de
514 2954 649 3018 diuersis
671 2953 843 3016 hominum
868 2953 985 3016 studiis
1009 2971 1106 3034 super
1127 2950 1215 3015 bello
1240 2953 1466 3015 Romanorum
1490 2961 1523 3016 et
1547 2953 1663 3032 Persei,
1686 2956 1846 3036 quemad-

449 3069 583 3132 modum
607 3067 662 3130 alii
684 3065 767 3144 huic,
782 3064 837 3128 alii
861 3064 923 3127 illis
945 3064 1100 3138 lauerent,
1120 3064 1217 3127 tertia
1239 3073 1350 3127 autem
1370 3067 1462 3146 ‘pars
1482 3064 1609 3147 optima
1632 3074 1664 3129 et
1687 3068 1845 3148 prudent-

448 3177 600 3243 ‘issima’
626 3198 739 3243 eorum
765 3185 854 3241 esset
879 3176 934 3258 qui
963 3186 1112 3241 neutram
1137 3183 1265 3257 partem
1293 3173 1416 3240 uellent
1443 3175 1512 3240 fieri
1541 3179 1761 3258 potentiorem
1785 3200 1846 3261 op-

447 3312 560 3374 pressa
585 3290 696 3355 altera.
733 3288 779 3351 ita
805 3287 893 3351 enim
920 3287 1046 3350 futuros
1071 3307 1107 3350 se
1133 3285 1261 3369 optima
1287 3288 1484 3362 conditione,
1516 3296 1710 3370 protegente
1739 3287 1845 3352 altero

447 3422 578 3484 semper
599 3401 641 3464 ab
663 3399 795 3466 alterius
817 3398 932 3461 iniuria
941 3396 963 3463 ⁷.
1009 3398 1055 3460 Et
1072 3395 1153 3460 haec
1173 3398 1312 3480 ingenue
1331 3397 1379 3460 M.
1396 3397 1481 3462 Cato
1499 3418 1559 3480 pro
1580 3397 1844 3464 Rhodiensibus:

446 3515 503 3598 qui
543 3513 620 3577 odio
658 3511 828 3584 Romanis,
861 3510 975 3593 quasi,
988 3508 1160 3573 uoluntate
1194 3510 1322 3588 saltem,
1355 3510 1484 3574 uotisue
1520 3507 1678 3574 sauissent
1715 3509 1844 3588 Perseo,

447 3631 454 3658 ‘
472 3626 654 3702 Noluerint,
671 3644 730 3688 nos
748 3643 859 3706 regem
878 3622 1003 3686 uicisse.
1032 3621 1091 3685 sed
1112 3629 1145 3685 et
1164 3620 1258 3686 multi
1277 3620 1332 3683 alii
1351 3619 1474 3702 populi,
1489 3628 1523 3684 et
1541 3620 1666 3684 multae
1684 3622 1844 3688 nationes

446 3743 570 3820 ‘atque
600 3737 720 3819 partim
751 3755 816 3798 non
833 3742 965 3798 nostrae
994 3733 1214 3797 contumeliae
1244 3752 1367 3810 caussa,
1393 3733 1451 3796 sed
1476 3734 1567 3814 quod
1597 3742 1789 3813 metuerent,
1816 3737 1843 3798 si

447 3855 568 3914 ‘nemo
584 3857 670 3913 esset
687 3847 789 3912 homo
810 3866 910 3929 quem
931 3865 1125 3922 uereremur,
1140 3844 1294 3926 quicquid
1313 3844 1428 3908 liberet
1443 3844 1634 3909 faceremus.
1680 3846 1726 3911 Et
1744 3867 1843 3911 unus-

445 3961 607 4044 ‘quisque
630 3969 786 4038 nostrum,
805 3960 832 4022 si
850 3959 923 4042 quis
941 3960 1099 4023 aduersus
1117 3977 1185 4021 rem
1203 3977 1298 4020 suam
1316 3956 1395 4039 quid
1419 3956 1487 4020 fieri
1510 3959 1694 4038 arbitratur,
1712 3979 1843 4023 summa

446 4072 568 4137 ‘etiam
593 4072 625 4134 ui
650 4081 762 4137 contra
789 4071 910 4150 nititur,
936 4092 978 4136 ne
1002 4071 1158 4135 aduersus
1185 4089 1259 4132 eam
1282 4065 1381 4133 fiat⁸.’
1437 4069 1477 4134 Id
1502 4071 1591 4153 apud
1620 4071 1771 4136 Rhodios
1796 4073 1843 4136 sic

445 4184 643 4248 disseruerat
666 4183 794 4265 legatus
817 4182 934 4262 Persei,
952 4182 1129 4266 agendum,
1147 4200 1188 4244 ne
1208 4180 1356 4244 omnium
1378 4201 1485 4244 rerum
1509 4182 1560 4245 ius
1576 4202 1615 4247 ac
1634 4192 1782 4265 potestas
1797 4185 1839 4247 ad

444 4441 453 4471 ¹
470 4442 535 4494 Plut
547 4442 635 4507 Pomp.
717 4440 727 4470 ¹
744 4440 797 4491 Bar.
812 4453 833 4490 2.
846 4455 913 4491 cons
928 4453 981 4504 ¹95·
996 4453 1050 4490 roa.
1127 4440 1137 4470 ⁸
1153 4439 1230 4504 Apul.
1241 4441 1272 4489 de
1284 4439 1354 4490 Mun.
1430 4437 1530 4488 *Polie
1544 4453 1567 4502 4.
1579 4454 1620 4504 ep.
1634 4453 1661 4497 ις
1679 4440 1751 4492 Guic.
1762 4443 1806 4494 lib.
1821 4458 1842 4493 1.

617 4523 627 4554 ⁵
644 4524 706 4574 llus.
720 4537 740 4572 1.
753 4522 841 4586 Eclog.
852 4521 870 4572 l.
885 4535 922 4586 15·
1052 4520 1062 4550 ⁶
1079 4520 1167 4585 Polyb.
1180 4521 1222 4571 lib.
1237 4535 1259 4571 a.
1391 4519 1401 4550 ¹
1419 4520 1474 4572 Liu.
1486 4520 1529 4570 lib.
1542 4535 1582 4585 4²·
1594 4537 1614 4571 c.
1628 4536 1668 4586 30.

1013 4605 1022 4634 ⁸
1040 4603 1106 4652 Geli.
1118 4602 1161 4652 lib.
1175 4613 1196 4665 7.
1210 4617 1230 4653 c.
1244 4617 1267 4665 3.
