4498 5566
731 745 793 798 oa
822 743 926 798 runa
954 744 1088 815 Batai,
1117 743 1245 816 arar,
1277 745 1364 803 cap,
1387 746 1425 802 X.
1732 753 1776 823 45

375 985 476 1048 armis
494 986 671 1052 decertare.
716 986 822 1052 Sileat
845 997 956 1052 noster
974 988 1138 1066 Politicus,
1157 988 1212 1069 qui
1231 986 1317 1051 dixit
1336 1008 1476 1067 necesse,
1495 991 1595 1054 armis
1612 992 1776 1057 interdum

375 1097 562 1178 decertare3
582 1099 662 1164 dum
678 1121 771 1164 suam
787 1099 978 1182 religionem
993 1100 1113 1182 singuli
1128 1099 1200 1163 aliis
1216 1100 1377 1163 anteferre
1393 1111 1572 1168 conantur:
1589 1113 1647 1168 aut
1663 1105 1777 1188 religio

375 1211 507 1274 nonsit
530 1210 653 1295 religio,
671 1233 757 1294 quae
779 1212 825 1277 sic
847 1211 989 1294 frigeret.
1034 1210 1125 1294 Quid
1148 1209 1218 1273 ais?
1263 1211 1338 1293 Ego
1360 1211 1484 1293 praelia
1507 1223 1541 1278 et
1564 1214 1652 1280 bella
1677 1218 1777 1281 audio

375 1319 450 1400 illic,
469 1321 525 1385 ubi
548 1321 696 1406 religioni
719 1323 816 1388 alicui
839 1345 905 1388 non
929 1325 1026 1388 datur
1048 1323 1147 1388 locus.
1187 1321 1260 1386 Illic
1282 1343 1350 1386 non
1368 1324 1476 1402 audio,
1495 1325 1551 1388 ubi
1570 1327 1708 1392 diuersis
1726 1338 1777 1394 est

375 1431 467 1497 locus
494 1434 714 1516 religionibus.
760 1436 834 1499 Imo
858 1435 972 1518 religio
998 1454 1064 1499 non
1088 1443 1139 1498 est
1157 1429 1259 1518 (quod
1283 1435 1351 1498 scio
1376 1433 1545 1499 Cuiacium
1572 1438 1720 1519 scribere,
1743 1450 1778 1505 et

375 1553 426 1608 est
442 1543 662 1632 uerissimum)
674 1567 760 1629 quae
776 1546 861 1611 calet
877 1548 910 1610 in
926 1547 1045 1611 caedes
1060 1547 1189 1626 ciuium,
1201 1555 1235 1610 et
1252 1547 1430 1628 perniciem
1445 1549 1579 1629 patriae.
1605 1548 1777 1633 Aegyptii,

376 1656 404 1718 si
422 1676 498 1720 cum
516 1659 678 1739 portentis
696 1658 759 1722 illis
778 1659 973 1742 religionum
996 1658 1202 1741 impetebant
1220 1679 1256 1722 se
1273 1657 1368 1723 bellis
1387 1659 1509 1722 mutuis
1527 1681 1571 1723 ex
1589 1660 1652 1726 hac
1670 1681 1776 1742 causa,

376 1763 479 1852 (quod
498 1771 588 1851 apud
604 1770 858 1853 Trismegistum
880 1769 963 1852 leg0,
979 1780 1013 1835 et
1029 1769 1173 1835 Dionem
1183 1765 1208 1858 ¹)
1223 1790 1266 1834 an
1285 1789 1351 1833 non
1370 1770 1431 1833 tibi
1449 1791 1525 1834 cum
1543 1782 1653 1836 satura
1671 1772 1775 1839 habiti

376 1881 554 1961 portento?
600 1881 717 1946 Nescis
735 1884 777 1946 de
795 1883 951 1961 Diodoro,
969 1902 1035 1946 non
1059 1893 1126 1962 tuo,
1140 1884 1198 1946 sed
1216 1880 1336 1961 Siculq
1353 1883 1459 1946 uarias
1474 1883 1548 1948 illas
1566 1885 1599 1947 in
1613 1882 1776 1970 Aegypto

376 1991 550 2075 religiones
568 1991 643 2058 huic
662 1993 719 2057 fini
742 1993 894 2058 inductas
916 2015 936 2058 a
959 2015 1043 2076 rege,
1060 2004 1096 2058 ut
1119 1994 1242 2059 subditi
1262 1995 1465 2074 dissiderent,
1482 2004 1516 2060 et
1538 1997 1571 2059 in
1590 1996 1775 2080 Principem

375 2124 441 2167 non
464 2105 696 2186 conspirarent,
720 2106 801 2169 dum
824 2105 918 2169 alteri
942 2105 1063 2169 alteros
1087 2108 1225 2170 oderant
1247 2105 1340 2188 quasi
1367 2104 1530 2189 impios2?
1575 2107 1629 2171 Ne
1652 2110 1776 2174 addam

373 2215 472 2296 aliud,
492 2217 582 2300 quod
608 2225 736 2281 tentare
759 2219 806 2282 ita
830 2218 1023 2299 patientiam
1044 2217 1277 2300 Aegyptorum
1302 2216 1444 2283 uoluerit
1463 2241 1523 2283 rex
1543 2219 1599 2283 ille
1620 2221 1743 2286 Busiris
1752 2221 1775 2289 ³.

374 2327 424 2392 At
439 2349 500 2393 nos
515 2328 558 2393 de
571 2329 719 2414 Principe
734 2330 922 2412 quaerimus
939 2329 995 2411 qui
1009 2329 1192 2412 legitimam
1205 2329 1444 2411 praefecturam
1459 2339 1555 2413 putet
1566 2332 1740 2414 imperium
1752 2332 1775 2399 ⁴.

373 2442 517 2523 quinon
538 2440 632 2505 malit
651 2452 812 2524 tyrannus
835 2461 915 2517 esse,
934 2460 1036 2523 quam
1058 2440 1172 2522 populi
1197 2451 1298 2523 pater.
1329 2441 1385 2523 qui
1408 2461 1474 2505 non
1496 2444 1582 2506 adeo
1601 2443 1681 2509 uelit
1702 2445 1775 2519 sibi,

374 2572 474 2634 quam
493 2553 559 2616 suis
578 2572 722 2636 regnare.
753 2552 810 2635 qui
831 2553 931 2635 pacis,
954 2561 987 2616 et
1009 2553 1139 2630 amoris,
1162 2572 1228 2615 non
1251 2552 1458 2632 seditionum,
1482 2563 1515 2618 et
1537 2555 1773 2622 discordiarum

374 2673 495 2743 auctor,
514 2673 548 2728 et
570 2673 670 2747 caput
693 2664 744 2728 sit.
790 2662 859 2728 Sed
882 2673 915 2728 et
938 2657 1052 2746 specta
1074 2663 1225 2727 homines
1243 2663 1404 2746 Aegypti.
1451 2663 1559 2749 Supra
1580 2666 1663 2731 alios
1686 2668 1773 2734 soliti

373 2795 416 2840 ex
435 2775 577 2841 scintilla
596 2776 731 2840 minima
753 2777 846 2857 ignes
869 2796 1007 2858 magnos
1029 2775 1208 2840 accendere
1218 2775 1240 2840 ⁶.
1285 2774 1396 2840 ‘Sunt
1420 2777 1508 2841 enim
1526 2777 1689 2862 Aegyptii
1713 2782 1773 2844 uiri

373 2890 381 2919 ‘
396 2889 534 2968 uentosi,
546 2886 720 2968 furibundi,
732 2888 901 2967 iactantes,
912 2887 1065 2965 iniuriosi,
1075 2897 1175 2970 atque
1187 2889 1272 2953 adeo
1284 2887 1368 2967 uani,
1379 2887 1479 2967 liberi,
1491 2908 1652 2954 nouarum
1664 2912 1772 2958 rerum

372 3002 380 3032 ⁸
396 3000 574 3082 cupientes,
589 3008 623 3063 et
644 2999 764 3083 quibus
785 2999 970 3082 praesentia
992 3019 1123 3081 semper
1138 3019 1213 3063 cum
1233 2999 1357 3062 enormi
1375 2998 1528 3066 libertate
1545 3001 1741 3084 displiceant
1750 2999 1772 3072 ⁶.

373 3111 420 3175 Et
434 3111 529 3176 addit
545 3111 685 3175 Latinus
699 3110 871 3176 historicus
887 3110 1062 3195 epistolam
1072 3109 1222 3189 Adriani,
1234 3111 1268 3173 in
1283 3131 1349 3193 qua
1364 3111 1454 3176 idem
1468 3113 1617 3193 traditur,
1632 3114 1772 3200 Aegyp-

373 3233 445 3289 tum
460 3233 567 3289 totam
582 3223 699 3303 leuem,
711 3223 900 3307 pendulam,
913 3233 946 3288 et
961 3225 1005 3287 ad
1020 3223 1132 3287 omnia
1147 3221 1256 3287 famae
1272 3235 1442 3288 momenta
1453 3224 1657 3307 uolitantem,
1667 3248 1772 3310 genus

371 3333 544 3399 hominum
558 3336 881 3414 seditiosisissimum,
894 3336 1117 3414 uanissimum,
1132 3335 1424 3399 iniuriosissimum.
1456 3334 1502 3400 Et
1518 3337 1636 3401 eadem
1651 3339 1707 3403 alii
1721 3351 1770 3406 at-

372 3457 542 3528 testantur,
552 3449 653 3513 etiam
665 3468 709 3511 ex
718 3446 907 3530 Aegypt0⁷.
928 3447 1022 3512 Haec
1035 3445 1165 3510 illorum
1177 3456 1295 3510 natura
1306 3447 1425 3512 dicitur
1436 3468 1552 3513 caussa
1563 3450 1772 3534 seditionum,

372 3569 406 3624 et
422 3561 455 3623 in
471 3561 568 3625 rebus
584 3561 758 3644 religionis.
787 3558 844 3624 Sic
860 3558 1071 3637 ‘Patriarcha,
1084 3578 1159 3623 cum
1171 3558 1369 3643 Aegyptum
1385 3561 1519 3640 uenerit,
1532 3561 1575 3625 ab
1590 3562 1662 3627 aliis
1675 3563 1772 3629 Sera·

373 3672 503 3754 ‘pidem
521 3672 665 3751 adorare,
683 3672 727 3736 ab
749 3670 821 3736 aliis
844 3671 972 3753 cogitur
996 3668 1184 3765 Cbristum.'
1231 3669 1286 3735 Sic
1309 3680 1466 3751 narratur,
1489 3674 1772 3755 quemadmodum

371 3783 572 3848 Aurelianus
594 3785 706 3848 diuina
724 3784 927 3867 praeceperit
943 3791 1055 3846 mente
1072 3781 1259 3861 Saturnino¹
1279 3783 1349 3847 uiro
1366 3782 1470 3861 Gallo,
1487 3793 1520 3847 et
1539 3784 1626 3849 Duci
1642 3807 1770 3869 magno,

372 3915 413 3960 ne
431 3916 577 3979 unquam
595 3894 793 3979 Aegyptum
815 3896 951 3959 uideret.
997 3892 1175 3974 Cogitabat
1193 3893 1280 3955 enirn
1300 3895 1349 3956 uir
1367 3894 1640 3975 prudentissimus
1657 3897 1771 3963 Gallo-

371 4027 507 4090 rumque
525 4018 676 4072 naturam
696 4007 979 4090 inquietissimam.
1016 4006 1061 4069 Et
1080 4004 1262 4084 uerebatur,
1278 4025 1327 4083 ne,
1343 4006 1370 4067 si
1387 4005 1614 4087 perturbidam
1633 4009 1769 4078 uidisset

372 4120 582 4202 prouinciam,
600 4141 667 4204 quo
683 4141 760 4185 eum
775 4129 892 4184 natura
907 4116 1058 4197 ducebat,
1074 4116 1231 4182 societate
1246 4137 1378 4199 quoque
1396 4116 1568 4181 hominum
1586 4120 1769 4189 duceretur.

468 4395 478 4426 ¹
493 4391 585 4446 Trism.
596 4397 628 4445 de
638 4413 678 4447 na.
691 4396 756 4447 Deo.
761 4412 768 4454 r
779 4396 840 4447 Dio.
852 4396 897 4447 lib.
909 4411 949 4460 4²·
1090 4393 1099 4422 ²
1116 4393 1193 4444 Diod.
1204 4393 1253 4444 Sic.
1265 4393 1307 4442 lib.
1322 4407 1344 4442 2.
1475 4394 1486 4424 ⁸
1502 4393 1580 4446 isocr.
1592 4397 1671 4450 Busir.

596 4477 607 4508 ⁴
623 4481 696 4531 Alex.
708 4480 781 4532 Com.
794 4485 873 4529 const.
885 4477 1016 4530 Bonefidii.
1235 4476 1245 4505 ⁶
1261 4475 1326 4528 Phil.
1339 4477 1407 4530 Flac.
1420 4479 1456 4542 (p.
1470 4477 1539 4543 967).

495 4561 506 4592 ⁸
521 4562 609 4628 Vopis.
622 4562 702 4614 Satur.
714 4578 737 4612 c.
751 4576 779 4620 13
796 4561 855 4614 Dio.
867 4575 905 4628 39.
918 4575 959 4625 4²·
1115 4557 1126 4589 l
1143 4559 1265 4611 Herodia.
1280 4573 1301 4611 1.
1313 4576 1334 4611 c.
1348 4575 1397 4625 535
1417 4563 1503 4612 Amm.
1517 4575 1555 4614 22.
1568 4579 1590 4614 c.
1604 4562 1642 4616 16.
