4522 5570
1753 625 1803 638 -

730 720 789 773 DE
819 721 922 775 JURE
950 721 1084 792 BELLI‚
1113 723 1240 792 LIB.I,
1274 724 1362 780 [ΑΡ.
1385 726 1472 780 XIX.
1760 720 1801 801 85

405 963 569 1026 ‘inuicem
588 974 701 1027 amant
721 972 856 1046 propter
873 983 968 1026 usum
988 973 1149 1038 mutuum,
1167 973 1199 1028 et
1219 975 1447 1047 permutantur
1464 968 1506 1032 ad
1527 967 1669 1032 uniuersi
1687 968 1804 1033 mundi

403 1074 707 1157 ‘complementum
717 1074 747 1141 ¹.’
792 1075 853 1139 llla
878 1076 1009 1141 Horatii
1032 1097 1097 1141 non
1121 1097 1198 1140 uera
1221 1078 1342 1160 itaque,
1362 1081 1613 1163 ‘Nequicquam
1633 1081 1726 1145 Deus
1744 1081 1803 1144 ab·

404 1187 525 1250 ‘scidit
548 1189 691 1270 prudens
714 1207 838 1251 oceano
861 1187 1060 1251 dissociabili
1083 1197 1205 1253 terras:
1234 1190 1260 1252 si
1280 1200 1391 1254 tamen
1410 1193 1531 1274 impiae
1550 1212 1615 1255 non
1633 1195 1803 1274 tangenda

403 1301 512 1362 ‘rates
539 1299 726 1362 transiliunt
753 1300 839 1362 uada
848 1296 880 1362 23
926 1299 999 1362 Irno
1025 1309 1102 1364 sunt
1126 1301 1182 1383 qui
1209 1302 1434 1379 obseruarunt,
1459 1302 1584 1366 nullam
1615 1323 1687 1367 esse
1716 1305 1802 1368 adeo

403 1419 568 1492 repostam
592 1420 721 1489 terram,
744 1411 923 1494 sepositam
951 1411 1099 1487 insulam,
1123 1414 1166 1477 ad
1193 1433 1294 1496 quam
1321 1435 1365 1478 ex
1387 1414 1452 1478 alia
1473 1424 1560 1478 terra
1584 1435 1650 1479 non
1673 1425 1803 1498 pateret
1880 1431 1885 1439 “

401 1530 565 1602 aspectus,
596 1529 629 1585 et
655 1521 780 1584 sactum
806 1541 827 1585 a
854 1523 930 1586 Deo
957 1524 1082 1599 uolunt,
1111 1534 1148 1589 ut
1173 1525 1255 1590 haec
1281 1535 1368 1590 esset
1396 1526 1538 1591 societas
1567 1527 1600 1589 in
1630 1526 1741 1604 oculis,
1768 1537 1802 1593 et

400 1652 550 1696 accessus
566 1632 688 1714 ubique
701 1641 834 1696 mutuus
844 1632 866 1698 ³.
908 1634 954 1698 Et
970 1655 1036 1699 non
1053 1637 1140 1700 male
1155 1638 1369 1702 obseruarunt
1384 1638 1426 1702 de
1441 1636 1606 1719 plerisque
1622 1637 1715 1700 terris
1730 1658 1801 1700 om·

400 1743 504 1808 nibus
551 1745 597 1807 Et
619 1744 746 1826 optime
769 1744 947 1810 conficiunt
969 1746 1152 1810 uniuersale
1174 1750 1429 1813 documentum:
1460 1749 1520 1813 etsi
1543 1769 1609 1812 non
1634 1749 1800 1812 uniuersa·

399 1854 473 1918 liter
490 1875 569 1919 uera
591 1856 778 1921 obseruatio
797 1857 848 1922 sit.
872 1877 980 1939 neque
1003 1859 1090 1921 enim
1109 1880 1152 1922 ex
1171 1868 1257 1923 terra
1275 1861 1340 1924 alia
1357 1861 1535 1942 aspicimus
1552 1860 1701 1939 Aciores,
1717 1881 1800 1942 quas

401 1966 618 2030 Cassiteridas
641 1967 763 2031 insulas
785 1967 920 2050 quidam
942 1967 1069 2033 uolunt.
1125 1970 1214 2033 Nam
1237 1970 1360 2049 orbem,
1379 1991 1479 2053 quem
1502 1992 1627 2035 nouum
1649 1970 1799 2050 dicimus,

398 2077 554 2163 iunctum,
574 2079 811 2162 cognitumque
832 2079 923 2142 Indis
942 2081 1101 2144 extremis
1121 2101 1252 2164 semper
1268 2081 1376 2159 fuisse,
1395 2081 1494 2146 hodie
1512 2103 1577 2146 non
1596 2082 1767 2146 dubitatur
1775 2081 1798 2146 ⁴.

396 2186 513 2270 Atque
543 2187 626 2253 haec
656 2210 721 2253 una
753 2199 802 2254 est
833 2211 956 2266 caussa,
987 2211 1047 2274 per
1076 2213 1176 2273 quam
1204 2192 1336 2256 delendi
1367 2194 1489 2258 iustum
1516 2194 1648 2258 uidetur
1673 2193 1797 2258 bellum

399 2298 626 2382 Hispanorum
652 2300 685 2362 in
713 2321 752 2363 eo
779 2301 868 2379 orbe,
894 2302 984 2383 quod
1015 2302 1142 2366 incolae
1171 2304 1333 2368 arcuerint
1362 2304 1444 2369 alios
1474 2326 1494 2368 a
1524 2305 1728 2370 commercio.
1762 2314 1798 2369 et

396 2409 501 2492 proba
531 2419 617 2474 esset
644 2411 797 2486 defensi0,
822 2413 849 2476 si
877 2433 991 2476 uerum
1017 2415 1140 2478 factum
1167 2425 1352 2479 narraretur
1360 2415 1383 2481 ⁶.
1429 2416 1492 2480 Est
1518 2415 1605 2480 enim
1636 2435 1796 2480 commer-

396 2523 483 2586 cium
513 2522 590 2586 iuris
615 2524 774 2606 gentium.
808 2528 897 2607 quod
929 2547 994 2591 non
1025 2535 1173 2591 mutatur
1201 2528 1359 2592 aduersus
1390 2529 1499 2592 eundo
1509 2527 1530 2592 ⁰.
1570 2528 1622 2592 At
1653 2528 1794 2612 Hispani

396 2652 461 2696 non
496 2632 562 2698 illic
594 2635 836 2715 commercium,
869 2639 928 2700 sed
965 2646 1137 2702 tentarunt
1174 2638 1367 2705 dominium.
1422 2640 1468 2704 Et
1504 2659 1565 2722 pro
1602 2648 1693 2705 certo
1731 2639 1795 2705 hoc

394 2742 589 2824 habuerunt,
620 2745 716 2810 licere
744 2755 848 2810 terras
878 2747 950 2812 illas
980 2768 1141 2832 occupare
1171 2769 1256 2832 quae
1290 2770 1356 2813 non
1386 2751 1538 2833 cognitae
1567 2751 1661 2814 nobis
1691 2761 1795 2816 erant.

394 2855 486 2938 quasi
523 2856 549 2919 si
585 2857 674 2920 idem
710 2867 797 2922 esset
829 2859 861 2920 in
898 2858 1019 2922 nullius
1057 2881 1129 2923 esse
1164 2861 1268 2939 bonis,
1306 2869 1340 2925 et
1376 2860 1410 2924 in
1448 2860 1636 2944 cognitione
1673 2861 1795 2926 nullius

394 2977 554 3030 nostrum.
613 2968 716 3032 Unde
747 2979 781 3033 et
815 2969 1012 3034 Castellanis
1042 2980 1075 3035 et
1105 2971 1272 3036 Lusitanis
1304 2972 1435 3055 regibus
1467 2973 1691 3037 controuersia
1723 2973 1795 3053 luit,

392 3098 492 3159 quam
523 3079 654 3142 diremit
689 3079 861 3145 Romanus
896 3081 1060 3160 Pontifex,
1097 3084 1130 3146 in
1163 3101 1264 3166 quam
1297 3084 1435 3166 quisque
1468 3093 1596 3166 partem
1629 3104 1793 3166 occupan-

392 3190 470 3254 dam
497 3191 657 3273 proficisci
683 3193 751 3256 iure
778 3193 943 3257 uideretur
951 3193 973 3259 ⁷.
1020 3195 1130 3260 Credo
1155 3216 1331 3260 commune
1358 3216 1428 3260 esse
1455 3195 1608 3259 omnibus
1635 3195 1792 3273 barbaris,

392 3312 428 3366 ut
445 3301 593 3385 hospites
615 3304 742 3386 pellant
752 3303 774 3369 ⁸.
817 3304 994 3370 Caeterum
1014 3328 1120 3390 neque
1140 3307 1252 3390 negari
1271 3307 1504 3371 commercium
1527 3307 1654 3385 dicitur,
1677 3308 1791 3372 statim

390 3425 490 3498 atque
513 3415 594 3478 ritus
616 3415 734 3498 aliquis
758 3425 896 3500 negatur
918 3420 1125 3483 commercii:
1150 3420 1207 3483 sed
1230 3439 1333 3501 quum
1355 3439 1455 3482 omne
1473 3428 1614 3500 negatur
1630 3438 1791 3482 commer-

390 3526 485 3590 cium.
531 3524 621 3608 Quid
641 3528 728 3591 enim
753 3528 779 3591 si
807 3537 946 3610 negetur
968 3529 1146 3611 importari,
1174 3531 1263 3610 quod
1286 3529 1401 3592 incolis
1427 3529 1557 3592 uidetur
1579 3528 1792 3612 improbum?

390 3635 486 3718 Quae
512 3638 554 3698 ad
582 3637 842 3702 effoeminandos
868 3638 997 3702 animos
1022 3640 1196 3720 pertinent,
1219 3659 1258 3702 ea
1282 3647 1479 3703 mercatores
1500 3640 1543 3703 ad
1567 3640 1688 3723 Belgas
1709 3639 1790 3704 olim

389 3765 455 3808 non
478 3746 658 3811 afferebant
667 3749 686 3811 ⁹.
734 3747 909 3831 Quaedam
932 3748 1118 3812 huiusmodi
1141 3768 1207 3812 non
1230 3749 1450 3812 afferebantur
1472 3751 1504 3812 in
1528 3751 1697 3816 ciuitatem
1720 3752 1790 3834 Ly-

389 3857 487 3940 curgi,
506 3866 564 3921 aut
587 3857 742 3922 Platonis.
787 3858 963 3941 Quaedam
984 3868 1098 3922 contra
1120 3859 1310 3942 religionem
1332 3861 1492 3942 regionis:
1525 3862 1689 3943 quaedam
1711 3882 1788 3926 con-

313 3975 315 3978 ’
388 3977 440 4032 tra
454 3951 661 4049 disciplinam
677 3978 768 4032 sunt:
799 3978 833 4032 et
845 3969 972 4033 similia.
995 3969 1038 4033 de
1053 3970 1172 4052 quibus
1188 3970 1387 4034 contendere
1403 3972 1552 4036 aduenae
1567 3993 1634 4037 non
1648 3974 1787 4040 habent:

387 4081 444 4162 qui
467 4099 527 4143 nec
550 4079 599 4142 ius
621 4078 747 4144 habent
769 4082 919 4144 mutandi
943 4101 1051 4144 mores
1073 4090 1108 4145 et
1130 4082 1279 4145 instituta
1302 4082 1539 4163 indigenarum.
1585 4083 1674 4167 Quid
1693 4105 1788 4167 prae-

386 4199 485 4270 terea,
511 4191 538 4253 si
569 4200 707 4273 negetur
737 4191 972 4256 mercatoribus
997 4193 1107 4257 aditus
1133 4194 1175 4258 ad
1206 4193 1368 4276 penitiora
1397 4194 1546 4276 regionis,
1573 4205 1607 4258 et
1637 4215 1787 4260 accessus

516 4434 524 4462 ¹
542 4435 606 4484 Phil.
617 4435 648 4486 de
660 4435 769 4486 Cherub.
783 4438 836 4500 (pp.
851 4433 905 4492 126,
920 4437 986 4498 127).
1077 4435 1087 4464 ²
1105 4437 1168 4486 Hor.
1184 4450 1205 4486 1.
1217 4436 1266 4485 Od.
1280 4450 1302 4499 3.
1314 4435 1331 4486 l.
1345 4449 1384 4487 21.
1476 4436 1485 4466 ³
1502 4436 1591 4487 Camd.
1604 4436 1654 4492 Bri.

387 4516 396 4545 ⁴
411 4516 478 4581 Sept.
492 4530 514 4580 5.
527 4517 589 4583 Hip.
601 4517 632 4567 de
643 4518 702 4567 Aer.
714 4531 753 4580 30.
831 4515 922 4567 ‘vice
937 4517 1030 4567 Relect.
1044 4529 1067 4580 5.
1145 4516 1155 4546 ⁶
1172 4516 1188 4566 l.
1203 4529 1225 4580 5.
1237 4517 1268 4566 de
1279 4516 1336 4568 iust.
1349 4519 1395 4581 (1).
1410 4531 1431 4568 1.
1446 4519 1479 4582 1).
1556 4515 1566 4546 ²
1584 4517 1691 4583 Hippol.
1703 4517 1784 4569 Princ.

679 4599 689 4628 ⁸
706 4599 753 4649 Str.
765 4598 808 4650 lib.
820 4599 865 4651 ult.
956 4597 966 4628 ⁹
983 4599 1054 4650 Caes.
1071 4612 1092 4649 1.
1106 4599 1173 4650 Gall.
1188 4615 1215 4658 ις
1232 4599 1295 4650 Bod.
1311 4613 1332 4648 1.
1345 4599 1377 4649 de
1388 4600 1450 4666 Rep.
1464 4610 1486 4664 7.
