4522 5570
752 757 813 810 DE
842 757 945 810 IURE
975 755 1108 825 BELLJ,
1140 756 1265 825 Hal,
1298 756 1386 813 CAP.
1409 757 1475 811 XV.
1768 751 1810 832 63

413 1022 515 1066 unum
532 1001 692 1085 populum
709 1001 902 1083 perueniret.
931 998 1040 1062 Addit
1054 997 1139 1062 Cato
1155 998 1197 1062 de
1213 996 1384 1061 uoluntate
1400 1008 1494 1063 tanto
1510 1000 1618 1064 minus
1633 1001 1809 1082 punienda,

413 1113 503 1195 quod
528 1112 633 1176 uideri
658 1112 776 1176 certius
800 1111 910 1174 debet.
953 1109 997 1172 Et
1024 1129 1091 1172 non
1116 1108 1311 1172 contradicit
1336 1109 1477 1174 Caesar:
1505 1112 1560 1192 qui
1585 1113 1627 1175 de
1649 1110 1739 1174 bello
1761 1112 1810 1174 in-

413 1223 549 1287 ferendo
571 1223 640 1305 regi
658 1221 829 1285 Ariouisto
851 1221 897 1283 sic
920 1220 1077 1302 disputat,
1095 1219 1299 1301 puniendum
1321 1228 1500 1302 antequam
1523 1221 1691 1304 potentior
1708 1221 1811 1298 fieret,

412 1343 447 1398 et
472 1332 618 1398 intulerit
643 1333 820 1415 quicquam
846 1331 944 1395 mali:
977 1331 1078 1394 etiam
1105 1331 1182 1413 quia
1208 1329 1261 1393 uel
1290 1329 1407 1394 inferre
1434 1331 1558 1394 malum
1585 1333 1779 1416 cogitauerit
1789 1333 1810 1398 ¹.

414 1446 533 1527 Neque
551 1445 639 1508 enim
654 1444 697 1507 de
713 1444 801 1508 nuda
820 1443 1028 1527 cogitatione,
1046 1451 1080 1506 et
1103 1441 1275 1505 uoluntate
1297 1441 1387 1544 nuda
1408 1443 1557 1524 accipere
1574 1443 1639 1507 hoc
1656 1453 1809 1526 oportet;

413 1557 471 1620 sed
488 1556 530 1620 de
545 1576 593 1634 ea,
604 1576 690 1638 quae
705 1564 877 1638 assumpto
892 1564 976 1620 actu.
1008 1554 1096 1636 quod
1114 1562 1163 1618 est
1178 1552 1257 1615 alibi
1273 1552 1476 1616 declaratum
1486 1552 1508 1617 ².
1554 1553 1729 1619 Uerendus
1743 1557 1809 1620 iam

414 1667 447 1731 in
475 1665 592 1732 Galliis
617 1666 673 1730 ille
699 1675 769 1730 erat
796 1667 957 1730 Romanis
982 1687 1061 1729 rex:
1092 1673 1126 1727 et
1151 1664 1221 1727 eius
1247 1683 1339 1726 arma
1357 1663 1537 1746 periculum
1564 1666 1809 1732 minitabantur.

415 1775 597 1842 Prudenter
614 1777 713 1860 igitur
735 1786 768 1841 et
791 1778 875 1841 iuste
896 1777 1018 1841 Caesar
1039 1783 1129 1840 ratus
1152 1783 1211 1850 est,
1228 1773 1308 1836 nihil
1332 1793 1403 1838 esse
1426 1775 1642 1840 differendum
1665 1777 1809 1856 ulterius,

412 1888 493 1971 quin
511 1887 610 1953 armis
632 1909 724 1952 arma
747 1898 978 1972 compesceret.
1023 1886 1173 1951 Heluetii
1197 1906 1301 1968 nuper
1315 1885 1562 1967 sapientissime,
1578 1909 1685 1970 neque
1704 1888 1810 1967 Gallo,

415 2019 521 2081 neque
539 1998 671 2063 Caesari
687 2020 723 2062 se
739 1998 895 2078 fauturos,
910 2008 946 2062 at
964 2007 1151 2063 seruaturos
1168 1997 1302 2062 foedera
1322 2017 1397 2061 cum
1419 2005 1567 2079 utroque,
1591 1999 1696 2065 donec
1719 2021 1811 2066 arma

412 2130 526 2173 eorum
559 2109 743 2192 periculosa
777 2109 954 2174 Heluetiae
987 2130 1053 2173 non
1086 2109 1207 2172 fuerint
1241 2107 1438 2191 reipublicae
1449 2108 1472 2171 ³.
1534 2109 1602 2173 Sed
1640 2112 1810 2177 concludo.

414 2220 572 2284 Defensio
587 2222 673 2285 iusta
691 2230 749 2295 est,
766 2240 852 2302 quae
869 2221 1040 2303 praeuenit
1059 2218 1204 2301 pericula
1222 2220 1288 2282 iam
1313 2219 1481 2297 meditata,
1498 2230 1635 2301 parata:
1659 2223 1759 2287 etiam
1778 2233 1812 2288 et

413 2351 474 2396 nec
487 2332 656 2410 meditata,
665 2341 701 2396 at
712 2331 908 2410 uerisimilia,
920 2332 1095 2414 possibilia.
1113 2351 1220 2413 neque
1231 2341 1343 2395 tamen
1357 2329 1509 2395 ultimum
1520 2330 1584 2396 hoc
1599 2332 1810 2415 simpliciter:

412 2452 471 2506 aut
495 2443 638 2506 dicerem
665 2442 797 2520 iustum,
823 2442 902 2506 dare
927 2462 1062 2524 operam
1089 2441 1177 2505 bello
1205 2440 1282 2505 huic
1308 2442 1422 2505 statim
1448 2449 1549 2524 atque
1574 2443 1693 2527 aliquis
1718 2444 1811 2509 fieret

412 2562 531 2636 potens
553 2553 661 2617 nimis.
698 2554 787 2636 quod
812 2573 878 2617 non
901 2554 986 2618 dico.
1032 2552 1121 2635 Quid
1145 2552 1280 2615 enimsi
1303 2551 1440 2634 principi
1462 2552 1559 2618 alicui
1582 2555 1732 2638 potentia
1754 2558 1812 2621 ist-

412 2662 494 2728 haec
512 2673 686 2746 augeretur
703 2665 969 2741 successionibus
991 2662 1226 2728 electionibus?
1272 2663 1363 2726 Num
1386 2672 1422 2728 tu
1446 2685 1521 2728 eum
1544 2666 1633 2730 bello
1654 2668 1811 2747 turbabis,

412 2774 490 2856 quia
520 2775 663 2857 periculo
692 2776 754 2840 tibi
784 2798 856 2840 esse
879 2777 949 2840 eius
972 2775 1122 2859 potentia
1147 2772 1282 2857 potest?
1326 2773 1430 2839 Aliud
1458 2777 1649 2843 addendum
1677 2790 1727 2844 est
1751 2801 1812 2864 pro

413 2884 546 2950 iustitia.
592 2885 770 2952 Addemus
785 2905 845 2951 nos
860 2886 933 2951 aliis
948 2886 1004 2969 qui
1019 2886 1098 2968 quid
1114 2885 1190 2950 iusti
1205 2883 1339 2950 habent.
1383 2886 1485 2952 Audi.
1601 2893 1605 2901 “

1007 3274 1096 3348 CnP.
1127 3273 1216 3348 XV.

883 3471 942 3544 De
965 3471 1112 3546 honesta
1138 3472 1345 3569 defensione.

458 3673 653 3739 SUPEREST
685 3673 728 3736 de
759 3671 901 3736 honesta
931 3670 1131 3750 defensione,
1157 3693 1244 3754 quae
1273 3673 1354 3736 citra
1384 3679 1509 3737 metum
1541 3673 1644 3738 ullum
1677 3678 1812 3760 periculi

413 3786 525 3864 nostri,
547 3784 640 3849 nulla
661 3782 844 3866 indigentia
865 3790 986 3856 nostra,
1011 3781 1101 3846 nulla
1123 3781 1266 3846 utilitate
1285 3782 1441 3863 quaesita,
1461 3793 1592 3849 tantum
1615 3787 1647 3850 in
1670 3791 1811 3870 gratiam

412 3896 551 3961 aliorum
581 3896 764 3978 suscipitur.
821 3892 867 3957 Et
893 3892 1110 3956 fundamento
1136 3890 1183 3954 illi
1209 3891 1365 3967 innititur,
1393 3894 1482 3975 quod
1513 3897 1753 3979 cognationem,
1778 3909 1812 3963 et

413 4028 569 4086 amorem,
591 4017 693 4089 atque
719 4003 995 4076 beneuolentiam‚
1019 4012 1053 4067 et
1075 4001 1325 4066 beneuolentiae
1348 4001 1546 4068 uinctionem
1570 4003 1630 4090 (ait
1658 4008 1706 4071 M.
1730 4009 1811 4073 Tul·

413 4116 490 4205 lius)
519 4120 604 4182 inter
630 4117 781 4182 homines
807 4123 925 4179 natura
951 4113 1166 4179 constituerit.
1200 4122 1233 4177 et
1259 4113 1349 4196 quod
1378 4115 1527 4196 gentium
1554 4118 1604 4181 ius
1630 4119 1730 4182 situm
1760 4131 1812 4186 est

414 4230 448 4292 in
470 4229 599 4313 generis
620 4228 757 4292 humani
780 4227 939 4290 societate
948 4223 971 4287 ⁴.
1018 4225 1118 4308 Quod
1141 4234 1316 4308 propterea
1339 4225 1438 4289 etiam
1461 4227 1648 4310 appellatur
1672 4229 1769 4296 ciuile
1791 4254 1812 4297 a

414 4340 572 4406 Cicerone
581 4341 605 4403 ⁵.
651 4339 708 4404 Sic
728 4338 853 4404 scilicet
877 4335 980 4401 Stoici
999 4335 1140 4415 uoluere,
1159 4337 1328 4401 ciuitatem
1350 4337 1452 4401 totius
1475 4339 1589 4404 mundi
1608 4360 1707 4404 unam
1730 4363 1811 4420 esse,

551 4571 560 4602 ¹
577 4571 637 4622 Dio.
648 4571 693 4623 lib.
706 4570 744 4634 38.
907 4565 917 4595 ¹
933 4567 950 4620 l.
965 4580 1019 4631 ²25·
1030 4567 1062 4618 de
1073 4569 1106 4620 U.
1118 4567 1143 4620 S.
1157 4567 1203 4633 (D.
1216 4583 1254 4634 50.
1269 4569 1321 4632 16).
1408 4529 1410 4534 Ι
1484 4569 1494 4599 ⁸
1510 4570 1565 4623 Iou.
1576 4570 1621 4622 lib.
1633 4585 1673 4637 34.

675 4653 684 4682 ⁴
700 4653 719 4703 1.
730 4665 752 4715 3.
763 4650 795 4702 de
806 4650 839 4703 iu.
851 4656 876 4700 et
887 4649 920 4700 iu.
932 4651 979 4716 (D.
992 4664 1013 4701 1.
1029 4651 1063 4713 r).
1275 4650 1285 4680 ⁶
1301 4651 1355 4703 Cic.
1368 4663 1390 4714 3.
1402 4650 1434 4700 de
1445 4649 1499 4704 Fin.
1513 4666 1551 4703 πο.
