4534 5576
494 708 554 769 166
979 717 1181 772 ALBERICI
1208 718 1409 773 GENTILIS

493 959 553 1022 Usi
577 959 687 1023 etalii
711 969 807 1022 sunt:
844 980 982 1042 quorum
1007 961 1184 1024 meminere
1210 962 1290 1025 item
1317 960 1471 1026 historiae
1482 961 1503 1024 ¹.
1558 961 1670 1026 Etiam
1698 963 1886 1045 Xenophon

490 1071 524 1133 in
550 1071 584 1134 id
611 1071 741 1134 instruit
768 1092 836 1148 nos,
859 1081 895 1134 ut
922 1070 1021 1135 falsos
1046 1071 1228 1135 habeamus
1255 1073 1440 1157 transfugas
1449 1073 1470 1138 ².
1527 1073 1652 1138 Contra
1677 1095 1757 1138 uero
1782 1075 1887 1157 inquit

489 1182 613 1260 Liuius,
633 1182 736 1246 claros
758 1184 870 1265 magis,
888 1203 989 1265 quam
1009 1183 1166 1247 honestos
1188 1206 1258 1249 esse
1279 1185 1371 1264 istos,
1390 1187 1445 1267 qui
1465 1186 1545 1250 talia
1566 1187 1676 1269 Zopiri
1694 1188 1888 1251 admiserint

487 1295 520 1358 in
544 1315 661 1377 corpus
683 1293 811 1359 suum³.
867 1294 912 1358 Et
935 1295 1029 1359 dolos
1051 1317 1090 1359 ac
1112 1296 1242 1360 fraudes
1264 1297 1519 1378 transfugiorum
1542 1309 1629 1361 artes
1655 1319 1727 1362 esse
1754 1299 1888 1362 minime

487 1407 668 1472 Romanas.
714 1407 760 1471 Et
783 1407 939 1472 Messalla
962 1410 1077 1472 itidem
1101 1427 1217 1492 pamm
1240 1409 1415 1474 honestam
1438 1430 1507 1473 rem
1530 1411 1774 1489 subuerebatur‚
1797 1413 1887 1494 quod

488 1517 699 1596 Menodoms,
721 1520 909 1601 proditurus
936 1521 1084 1602 Pompeii
1115 1520 1263 1599 classem,
1285 1521 1429 1604 petebat,
1453 1531 1490 1585 ut
1519 1521 1631 1586 liceret
1655 1523 1717 1586 sibi
1739 1522 1888 1606 aliquan-

486 1631 589 1712 tisper
610 1631 762 1696 infestare
786 1631 936 1697 Caesaris
959 1633 1097 1697 classem
1107 1631 1129 1698 ¹¹.
1175 1633 1221 1697 Et
1244 1635 1404 1699 concessit
1425 1644 1547 1714 tamen,
1566 1645 1623 1699 aut
1645 1637 1723 1717 quia
1745 1637 1885 1700 necessi·

485 1752 572 1807 tates
594 1743 671 1807 belli
693 1744 757 1807 hae
780 1754 898 1808 essent.

527 1853 645 1937 Atque
671 1857 717 1919 sic
743 1856 829 1920 duae
855 1857 1063 1938 quaestiones
1089 1867 1175 1921 sunt.
1221 1857 1312 1920 Prior
1337 1858 1380 1920 de
1406 1857 1484 1939 ipsis
1509 1858 1694 1941 transfugis.
1725 1859 1886 1941 posterior

484 1969 527 2031 de
556 1969 744 2032 auctoribus
771 1989 892 2032 eorum.
949 1969 993 2032 Et
1026 1970 1121 2051 prior,
1145 1968 1231 2032 forte
1260 1969 1361 2032 etiam
1387 1970 1557 2050 posterior,
1579 1968 1680 2034 habet
1706 1971 1789 2033 duas
1815 1991 1883 2034 rur·

485 2101 558 2143 sum
588 2081 828 2162 inspectiones:
865 2081 1004 2144 alteram
1035 2083 1077 2145 de
1107 2081 1255 2157 honest0,
1285 2079 1423 2144 alteram
1457 2082 1500 2145 de
1529 2083 1623 2145 iusto,
1669 2083 1741 2146 Nos
1770 2091 1883 2146 tamen

483 2193 548 2270 hic,
590 2193 684 2276 quasi
728 2193 955 2270 iurisconsulti,
993 2195 1035 2256 de
1080 2194 1165 2256 iusto
1210 2201 1340 2256 tantum
1385 2194 1618 2275 disceptamus.
1681 2194 1726 2258 Et
1771 2204 1883 2259 tamen

484 2307 658 2388 opinamur
688 2327 763 2370 cum
787 2306 893 2384 Liuio,
915 2325 980 2369 non
1003 2305 1160 2369 honestos
1190 2325 1262 2368 esse
1292 2306 1382 2388 ipsos
1411 2306 1597 2388 transfugas
1628 2306 1808 2371 simulatos.
1847 2317 1884 2372 ut

485 2427 523 2481 ut
555 2418 668 2481 laudet
705 2438 802 2480 suum
840 2416 960 2479 Darius
995 2416 1162 2497 Zopirum,
1199 2437 1295 2480 suum
1327 2415 1434 2498 Cyrus
1467 2417 1634 2500 Araspam
1647 2417 1669 2480 ⁵.
1727 2419 1780 2481 De
1813 2420 1883 2482 iure

484 2539 596 2593 autem
622 2527 864 2610 transfugarum
885 2528 931 2592 sic
954 2530 1091 2604 uidetur,
1116 2549 1182 2591 non
1209 2548 1266 2591 eos
1293 2529 1416 2592 censeri
1440 2529 1540 2592 ueluti
1568 2529 1696 2606 milites,
1717 2529 1743 2592 si
1767 2530 1882 2612 depre-

483 2641 673 2704 henduntur
702 2641 829 2703 uenisse
864 2640 1047 2721 proditores
1080 2648 1114 2702 et
1144 2639 1375 2721 speculatores.
1433 2639 1522 2702 Nam
1553 2660 1628 2703 ecce
1660 2641 1881 2722 speculatores

482 2751 677 2832 deprehensi
699 2752 828 2814 Romae
850 2750 1003 2832 praecisis
1026 2749 1177 2812 manibus
1197 2750 1341 2813 dimissi:
1366 2759 1400 2813 et
1421 2750 1599 2831 suspendio
1622 2753 1729 2814 necati
1748 2753 1791 2815 ab
1809 2753 1881 2816 aliis

482 2873 559 2926 sunt
568 2863 588 2926 ⁶.
645 2862 691 2926 Et
716 2862 799 2924 haec
825 2859 882 2923 lex
909 2861 1078 2935 Romanis,
1105 2859 1249 2924 hostium
1276 2861 1498 2943 speculatores
1524 2861 1669 2926 interfici.
1727 2863 1821 2927 Haec
1848 2874 1881 2927 et

482 2974 566 3036 ratio
592 2982 651 3050 est,
674 2992 731 3036 cur
758 2971 841 3035 nolis
868 2991 1025 3053 personas
1051 2971 1131 3034 istas
1157 2972 1313 3036 induere:
1344 2993 1429 3055 quae
1456 2984 1601 3037 exsuunt
1626 2974 1879 3056 priuilegiariam

481 3083 604 3148 militis.
650 3083 695 3146 Et
725 3083 775 3145 ius
801 3084 913 3164 itaque
944 3082 976 3143 in
1007 3103 1063 3145 eos
1090 3081 1211 3144 iustum
1238 3103 1309 3146 esse
1332 3084 1483 3148 uidetur:
1514 3085 1570 3167 qui
1597 3084 1653 3147 illa
1679 3105 1818 3166 persona
1845 3107 1880 3149 se

480 3204 632 3268 exsuunt,
652 3202 903 3277 propterquam
925 3194 968 3256 ad
987 3191 1074 3256 hunc
1093 3193 1223 3256 tractari
1247 3195 1393 3272 modum,
1412 3205 1445 3258 et
1466 3194 1691 3277 ignominiose,
1712 3204 1745 3258 et
1764 3197 1879 3258 crude-

480 3305 561 3384 liter,
586 3326 652 3369 non
674 3304 831 3368 ualerent.
878 3303 1032 3368 Simulati
1055 3304 1243 3387 transfugae
1265 3303 1328 3368 hoc
1350 3305 1501 3387 amplius,
1523 3307 1613 3388 quod
1636 3306 1767 3370 dedisse
1793 3315 1879 3371 tam·

479 3438 581 3501 quam
604 3417 637 3480 in
659 3416 887 3480 conueniendo
902 3414 1002 3478 uerba
1020 3415 1183 3480 uidentur.
1213 3416 1246 3478 in
1268 3417 1335 3478 suis
1358 3417 1446 3479 enim
1469 3415 1573 3481 hostis
1595 3416 1656 3480 hos
1674 3418 1807 3500 excipit,
1821 3418 1879 3501 qui

478 3551 514 3593 se
537 3529 583 3593 sic
605 3528 648 3591 ad
670 3527 801 3591 hostem
823 3525 1032 3590 transferunt.
1078 3525 1174 3609 Quae
1196 3526 1339 3591 rationes
1358 3527 1444 3591 duae
1466 3547 1531 3590 non
1554 3529 1588 3591 in
1610 3528 1676 3591 alio
1698 3529 1880 3593 mentiente

478 3640 610 3718 ualent3
638 3639 759 3702 nonin
783 3639 963 3701 mentiente
984 3638 1077 3719 signa
1100 3636 1255 3701 hostium.
1301 3636 1347 3700 Et
1370 3657 1448 3718 ergo
1470 3658 1566 3701 suum
1590 3639 1639 3702 ius
1662 3639 1804 3703 militum
1827 3640 1879 3703 his

476 3772 607 3816 semare
629 3749 701 3815 aliis
724 3769 854 3831 semper
877 3757 1018 3831 oportet.
1063 3749 1220 3830 Namque
1240 3748 1340 3812 aliam
1364 3768 1424 3812 nec
1447 3749 1544 3813 uideo
1566 3770 1698 3813 causam
1722 3771 1788 3830 non
1811 3772 1878 3815 ser·

476 3864 586 3928 uandi.
641 3863 720 3926 Non
747 3863 858 3926 exsuit
885 3860 1032 3938 militem,
1055 3861 1112 3943 qui
1136 3859 1222 3923 hosti
1247 3859 1349 3923 uerba
1375 3861 1442 3924 dat.
1473 3860 1527 3924 ille
1551 3862 1620 3942 agit
1647 3862 1795 3942 militem,
1821 3865 1877 3946 qui

477 3995 570 4038 arma
584 3974 690 4037 induit
705 3972 872 4055 hostium.

519 4085 588 4150 Sed
619 4083 721 4167 quid?
782 4083 819 4148 Si
852 4084 1074 4166 speculatores
1104 4092 1138 4146 et
1177 4083 1306 4147 mentiti
1340 4083 1529 4167 transfugae
1561 4086 1605 4148 ad
1639 4107 1715 4148 eum
1750 4088 1875 4151 malum

476 4198 612 4260 modum
637 4204 820 4260 tractantur
843 4195 936 4272 iuste,
959 4216 1001 4258 an
1024 4204 1127 4277 agunt
1150 4195 1221 4277 ipsi,
1246 4203 1279 4257 et
1301 4204 1452 4259 auctores
1478 4197 1623 4278 ipsorum
1649 4197 1734 4261 iuste
1757 4201 1874 4274 minus,

475 4317 509 4373 et
530 4330 574 4372 ex
595 4307 718 4371 iustitia
738 4305 816 4370 belli
835 4304 964 4369 minus?
1012 4306 1060 4369 Et
1077 4305 1158 4369 haec
1176 4305 1338 4388 posterior
1355 4307 1504 4388 quaestio
1523 4316 1581 4370 est.
1630 4307 1669 4370 In
1687 4329 1752 4389 qua
1770 4306 1875 4394 (quod

475 4421 594 4484 mirum
624 4419 727 4482 uideri
759 4413 876 4502 possit)
908 4416 1100 4499 respondeo,
1130 4417 1215 4479 iuste
1245 4417 1313 4480 imo
1342 4416 1404 4481 hos
1433 4438 1565 4500 quoque
1596 4439 1713 4502 agere:
1752 4429 1786 4484 et
1819 4423 1875 4504 qui

539 4596 549 4625 ¹
564 4596 657 4660 Diony.
668 4595 712 4644 lib.
726 4605 748 4657 7.
760 4610 781 4644 c.
796 4607 839 4650 10;
857 4592 912 4642 Liu.
925 4592 955 4649 83
972 4591 1089 4656 Polyaen.
1103 4601 1131 4655 75
1150 4592 1203 4642 Plu.
1216 4592 1276 4642 Ant.
1359 4593 1369 4623 ²
1385 4594 1449 4643 Xen.
1463 4593 1570 4660 Hippar.
1659 4595 1668 4623 ³
1683 4593 1738 4643 Liu.
1752 4609 1773 4644 1.
1787 4596 1809 4644 8.

508 4681 517 4710 ⁴
534 4679 610 4746 Appi.
623 4691 645 4741 5.
659 4677 733 4728 Ciuil.
748 4691 802 4726 102.
900 4676 910 4704 ⁵
927 4676 990 4726 Xen.
1002 4676 1026 4724 6.
1039 4677 1131 4740 Cyrop.
1144 4688 1167 4737 3.
1267 4675 1277 4704 ⁸
1293 4676 1348 4726 Liu.
1359 4677 1402 4726 lib.
1417 4691 1454 4726 22.
1467 4693 1489 4726 c.
1502 4690 1548 4738 33;
1567 4677 1622 4726 Iou.
1637 4675 1682 4733 16;
1700 4674 1816 4741 Polyaen.
1829 4677 1852 4726 8.
