4522 5570
460 735 499 816 78
945 742 1147 796 ALBERICI
1173 743 1372 796 GENTILIS

458 989 594 1054 debuit:
625 997 659 1052 et
686 985 798 1051 deberi
825 986 949 1050 isthaec
976 985 1162 1050 extorribus
1191 986 1270 1064 istis,
1298 986 1514 1050 certissimum
1544 994 1637 1068 put0.
1667 993 1725 1047 aut
1754 983 1855 1045 iidem

458 1101 599 1165 inferent
620 1099 744 1163 bellum
765 1098 957 1162 necessario.
1002 1097 1061 1160 An
1080 1097 1205 1161 isthaec
1224 1117 1290 1162 non
1310 1106 1386 1160 sunt
1405 1097 1505 1160 hodie
1527 1097 1560 1159 in
1579 1097 1658 1160 orbe
1675 1093 1855 1160 terrarum?

460 1211 594 1276 Scilicet
613 1231 678 1274 non
697 1210 724 1272 is
740 1209 898 1290 redigitur
914 1208 1019 1291 magis
1034 1218 1135 1291 atque
1153 1208 1258 1291 magis
1276 1207 1319 1271 ad
1338 1207 1550 1271 solitudinem
1568 1207 1664 1289 primi
1682 1206 1765 1270 aeui.
1810 1206 1857 1268 Et

459 1324 492 1387 in
518 1323 581 1386 hac
609 1323 678 1386 eius
704 1329 815 1384 aetate
841 1320 1009 1403 decrepita
1034 1320 1227 1384 foecundior
1253 1329 1304 1385 est
1331 1341 1432 1402 quam
1454 1331 1553 1384 antea
1570 1318 1667 1383 fuerit
1688 1337 1856 1402 umquam.

460 1433 599 1498 Graecia
615 1432 720 1515 qualis
738 1451 825 1495 nunc
840 1441 899 1510 est,
915 1440 949 1495 et
963 1427 1275 1496 Turcia'uniuersa?
1314 1430 1430 1514 Qualis
1447 1451 1533 1494 nunc
1549 1439 1599 1494 est
1614 1427 1751 1493 Africa?
1790 1427 1857 1492 Sed

459 1546 515 1609 illa
542 1545 619 1608 uiris
645 1545 898 1608 foecundissima
920 1543 1027 1626 qualis
1053 1542 1215 1627 Hispania
1240 1541 1312 1608 est?
1358 1544 1404 1606 Et
1430 1543 1492 1606 sub
1518 1543 1700 1626 Hispanico
1721 1541 1858 1623 imperio

459 1677 524 1719 non
541 1657 664 1720 uacuus
682 1655 784 1718 ferme
800 1656 969 1718 uniuersus
988 1655 1075 1718 orbis
1096 1652 1223 1718 nouus?
1269 1655 1359 1718 Nam
1375 1675 1476 1737 quam
1495 1664 1530 1719 te
1548 1673 1737 1732 memorem,
1752 1652 1858 1729 Italia,

459 1788 554 1846 nunc,
573 1776 607 1830 et
629 1767 837 1831 circumiecta
860 1766 1044 1848 Aquileiae,
1066 1766 1156 1845 Pisis,
1178 1767 1306 1830 Romae
1328 1767 1399 1849 ipsi,
1419 1765 1577 1849 squalida,
1597 1764 1748 1829 morbida
1772 1763 1858 1827 hanc

458 1879 503 1943 ob
518 1900 667 1943 caussam
684 1879 859 1962 paucitatis
875 1876 1088 1943 colonorum?
1123 1879 1250 1943 Uerum
1267 1879 1310 1942 de
1325 1877 1375 1941 his
1391 1877 1476 1941 forte
1490 1878 1556 1941 alio
1572 1885 1730 1960 tempore.
1763 1875 1859 1958 Quae

459 2010 525 2054 non
544 1999 672 2068 uacant,
691 2010 731 2054 ea
748 2009 809 2054 nec
824 1989 994 2054 debentur.
1039 1990 1159 2072 Neque
1175 1990 1262 2052 enim
1279 1989 1355 2052 iuris
1374 1998 1433 2068 est,
1450 1999 1485 2052 ut
1501 1989 1574 2071 quis
1592 1988 1694 2051 alium
1709 1997 1807 2064 amet,
1824 2008 1859 2050 se

458 2122 494 2165 se
513 2100 667 2184 negligat.
714 2098 842 2184 ‘Quas'
860 2101 966 2183 inquit
990 2101 1115 2179 Florus,
1138 2101 1249 2164 ‘daret
1272 2100 1414 2183 populus
1438 2102 1610 2164 Romanus
1632 2110 1744 2178 terras,
1766 2119 1859 2181 agra·

460 2213 537 2276 ‘riis
556 2213 683 2294 legibus
706 2213 791 2275 inter
813 2233 849 2276 se
872 2209 1143 2276 dimicaturus¹?’
1189 2213 1235 2276 Et
1253 2211 1306 2276 hic
1324 2222 1436 2276 tamen
1455 2211 1627 2276 tolerabile
1648 2212 1858 2293 dispendium

459 2323 631 2387 ferendum
655 2324 820 2398 existimo,
844 2333 901 2387 aut
925 2325 983 2386 uix
1007 2324 1110 2387 deerit
1133 2325 1221 2406 quod
1246 2324 1399 2387 exulibus
1428 2324 1499 2387 istis
1521 2323 1766 2406 respondeatur.
1812 2322 1859 2385 Et

459 2435 631 2499 tolerabile
651 2436 861 2517 dispendium
880 2434 1070 2498 ferendum:
1093 2435 1184 2517 quod
1207 2435 1471 2518 compendioque
1492 2435 1615 2513 maiori,
1634 2435 1755 2498 ciuium
1778 2454 1858 2514 aug·

460 2554 583 2624 ment0,
606 2555 846 2628 compensatur.
903 2545 992 2609 Sane
1018 2547 1115 2624 enim,
1141 2547 1230 2627 quod
1257 2546 1472 2610 iustissimum
1496 2554 1546 2610 est
1568 2545 1674 2609 facere
1701 2544 1778 2607 noui
1800 2544 1860 2607 ad-

461 2679 564 2722 uenae
592 2657 723 2734 debent,
749 2667 786 2720 ut
812 2655 873 2720 sub
901 2658 1074 2739 imperium
1102 2658 1235 2720 ueniant
1263 2659 1331 2720 eius
1360 2636 1416 2739 qui
1444 2658 1597 2720 dominus
1624 2655 1774 2720 territorii
1799 2663 1858 2718 est.

463 2768 553 2833 Audi
575 2767 738 2845 Aeneam,
754 2769 846 2831 ‘Nec
871 2767 950 2829 mihi
973 2788 1074 2849 regna
1096 2778 1194 2849 peto:
1218 2770 1353 2851 paribus
1376 2789 1412 2831 se
1434 2768 1562 2851 legibus
1580 2768 1699 2830 ambae
1717 2767 1859 2829 inuictae

462 2884 600 2963 ‘gentes
628 2889 762 2942 aeterna
788 2879 821 2941 in
848 2878 981 2943 foedera
1008 2880 1154 2943 mittant.
1200 2900 1300 2956 sacra,
1326 2880 1473 2962 deosque
1504 2879 1611 2942 dabo:
1646 2899 1738 2944 socer
1767 2898 1859 2940 arma

461 2994 468 3022 ‘
485 2991 625 3055 Latinus
639 2989 777 3054 habeto:
801 2990 974 3072 imperium
991 2990 1127 3054 solenne
1138 3011 1241 3065 socer,
1255 2989 1334 3053 mihi
1350 2992 1480 3054 moenia
1492 2991 1609 3054 Teucri
1622 2985 1859 3054 constituent².'

462 3101 646 3166 Iustissime
670 3120 729 3164 nec
756 3102 803 3163 uti
834 3102 907 3165 uult
936 3103 1064 3166 aduena
1088 3122 1190 3183 opera
1216 3103 1452 3184 indigenarum.
1484 3112 1517 3165 et
1544 3103 1625 3166 item
1656 3101 1726 3165 uult
1753 3101 1860 3164 iustis·

461 3215 551 3291 sime,
567 3211 700 3295 paribus
722 3211 850 3295 legibus
868 3233 944 3275 suos
966 3221 999 3276 et
1022 3213 1195 3295 indigenas
1214 3233 1305 3277 esse:
1329 3233 1406 3276 nam
1430 3215 1488 3277 dat
1507 3235 1583 3276 suos
1605 3214 1638 3276 in
1658 3212 1769 3277 Latini
1788 3232 1860 3294 reg-

462 3345 550 3404 num,
573 3334 607 3388 et
631 3325 664 3387 in
690 3325 778 3388 idem
806 3344 923 3407 corpus
947 3325 1186 3406 indigenarum.
1232 3324 1300 3388 Sed
1328 3334 1361 3387 et
1388 3346 1482 3388 casus
1509 3336 1586 3389 sunt
1611 3335 1734 3404 tamen,
1756 3345 1859 3407 quum

463 3437 577 3500 exules
593 3457 659 3499 non
675 3437 872 3517 recipiantur
889 3435 951 3498 sub
966 3435 1150 3517 imperinm.
1181 3445 1218 3498 ut
1234 3436 1261 3498 si
1277 3435 1459 3517 periculosa
1477 3438 1518 3498 sit
1538 3436 1734 3518 reipublicae
1749 3436 1859 3499 multi-

462 3549 555 3611 tudo.
602 3547 648 3612 Et
673 3557 710 3611 ut
737 3547 839 3612 Gothi
866 3567 942 3611 cum
969 3546 1057 3610 malo
1084 3566 1205 3629 magno
1232 3546 1361 3628 imperii
1388 3547 1509 3627 recepti
1537 3546 1667 3609 fuerunt
1677 3547 1698 3611 ³.
1751 3547 1796 3610 Et
1823 3555 1860 3610 ut

464 3659 608 3722 Romani
626 3659 749 3741 priores
768 3659 813 3722 sic
833 3657 955 3736 Gallos,
975 3658 1128 3722 Cimbros
1147 3658 1310 3738 suscipere
1329 3656 1504 3721 noluerunt
1513 3656 1534 3721 ⁴.
1580 3658 1667 3720 Item
1686 3658 1712 3720 si
1731 3657 1860 3740 profugi

463 3771 517 3833 isti
543 3769 710 3833 traherent
737 3769 860 3833 bellum
887 3789 1017 3832 secum:
1052 3769 1129 3850 quia
1154 3767 1242 3831 bello
1270 3769 1348 3832 uicti
1375 3779 1601 3850 repeterentur
1626 3790 1646 3832 a
1672 3770 1859 3844 uictoribus

462 3891 495 3944 et
523 3902 588 3944 non
616 3882 744 3960 redditi,
766 3901 881 3944 caussa
904 3890 1013 3945 essent
1039 3879 1116 3944 belli
1135 3882 1212 3944 noui
1238 3881 1415 3944 aduersum
1438 3881 1632 3962 recipientes
1655 3881 1721 3944 se⁵.
1768 3881 1860 3944 Iusta

462 3993 544 4057 haec
566 4003 616 4056 est
639 4013 762 4070 caussa,
780 4003 813 4056 et
835 3992 920 4056 aliae
942 3993 987 4055 sic
1010 4001 1096 4069 sunt,
1114 4012 1172 4055 cur
1193 3991 1322 4074 profugi
1346 4012 1412 4054 non
1434 3993 1661 4074 suscipiantur.
1709 3991 1754 4054 Et
1777 3992 1861 4054 forte

462 4115 575 4168 tamen
599 4124 658 4168 nec
681 4104 889 4168 damnaueris
911 4103 1076 4185 profugos,
1093 4105 1120 4166 si
1144 4112 1295 4167 extrema
1317 4103 1479 4186 fugientes
1501 4104 1598 4180 mala,
1617 4124 1702 4166 nunc
1720 4102 1861 4166 inferant

463 4218 585 4280 bellum
613 4217 691 4293 istis,
714 4217 770 4298 qui
798 4217 883 4278 iuste
909 4225 1032 4297 negant
1057 4216 1146 4297 ipsos
1169 4215 1343 4297 suscipere.
1390 4215 1480 4297 Quid
1507 4217 1594 4278 enim
1614 4212 1779 4279 facerent?
1824 4213 1861 4278 Si

626 4522 634 4550 ¹
653 4521 694 4572 Gl.
706 4537 727 4571 c.
740 4521 787 4570 nisi
798 4519 829 4569 de
841 4527 906 4569 auct.
918 4526 942 4568 et
954 4535 989 4570 us.
1002 4535 1055 4584 pa.;
1075 4533 1096 4581 3.
1108 4516 1175 4566 Flor.
1187 4534 1209 4567 c.
1222 4531 1244 4579 3.
1375 4517 1385 4547 ²
1402 4519 1471 4582 Virg.
1486 4533 1524 4568 12.
1536 4520 1600 4570 Aen.
1611 4518 1629 4568 l.
1643 4534 1697 4585 190.

528 4607 537 4634 ³
554 4605 612 4654 Am.
623 4604 668 4654 lib.
681 4618 719 4667 31.
732 4619 752 4652 c.
765 4619 789 4666 4.
858 4601 867 4630 ⁴
884 4601 938 4651 Liu.
950 4601 993 4650 lib.
1006 4615 1037 4667 39
1049 4618 1070 4651 c.
1083 4616 1128 4664 545
1147 4615 1170 4664 3.
1184 4600 1251 4650 Flor.
1264 4616 1284 4649 c.
1298 4614 1320 4662 3.
1393 4601 1403 4630 ⁵
1419 4601 1483 4651 Isoc.
1497 4603 1591 4662 Pana.;
1608 4603 1680 4653 Caes.
1694 4618 1716 4666 4.
1729 4601 1795 4651 Gall.
