4522 5570
491 737 552 802 132
972 728 1173 782 ALBERICI
1201 728 1402 783 GENTILIS

487 970 610 1034 bellum
634 993 700 1035 non
722 983 861 1054 oportet.
884 974 974 1055 quod
997 972 1199 1037 resumitur1.
1245 973 1345 1055 Quod
1368 975 1396 1037 si
1418 984 1530 1037 autem
1552 973 1676 1036 bellum
1704 993 1885 1056 numquam

486 1081 609 1160 suisset,
626 1093 659 1146 et
681 1085 708 1146 si
730 1093 845 1166 parata
868 1085 1020 1166 utrinque
1042 1084 1180 1148 fuissent
1202 1085 1245 1147 ad
1267 1084 1393 1148 bellum
1415 1085 1534 1158 omnia,
1552 1095 1585 1148 et
1604 1106 1643 1150 ea
1661 1085 1775 1149 dilatio
1798 1096 1885 1149 esset

486 1192 681 1276 interposita
695 1194 764 1258 eius
779 1197 882 1278 pacti:
900 1197 1082 1259 necessaria
1097 1196 1181 1259 foret
1197 1196 1333 1259 indictio
1346 1196 1439 1259 finito
1449 1195 1595 1259 biennio:
1615 1197 1772 1278 quoniam
1784 1197 1886 1259 uerba

486 1306 573 1385 pacti
593 1307 747 1387 negantia
765 1316 798 1369 et
819 1315 951 1388 tempus
969 1306 1049 1369 nihil
1068 1308 1256 1389 disponunt,
1276 1316 1313 1370 ut
1335 1308 1381 1370 ait
1406 1307 1538 1371 Baldus.
1585 1308 1771 1389 Utrobique
1790 1308 1883 1371 bene.

487 1414 532 1477 Et
556 1417 643 1496 prior
666 1437 761 1479 casus
785 1417 988 1481 induciarum
1013 1429 1082 1482 est:
1113 1439 1198 1500 quae
1223 1418 1303 1481 illud
1328 1418 1461 1496 habent,
1485 1420 1563 1482 inde
1586 1441 1606 1482 a
1630 1419 1694 1482 fine
1718 1440 1830 1482 earum
1851 1420 1883 1481 ui

483 1525 550 1587 iam
569 1528 706 1608 pugnari
727 1548 835 1609 posse.
882 1529 926 1593 Et
947 1530 993 1592 ita
1011 1529 1080 1593 fieri
1099 1530 1249 1592 uidemus
1270 1551 1336 1593 non
1356 1531 1456 1594 modo
1475 1532 1508 1592 in
1527 1533 1745 1594 castrensibus
1763 1551 1884 1612 pauco-

484 1657 556 1699 rum
574 1638 702 1701 dierum
720 1639 868 1718 induciis,
884 1641 942 1703 sed
962 1643 995 1702 in
1015 1641 1120 1704 multo
1138 1643 1239 1704 etiam
1257 1641 1466 1722 longioribus.
1512 1642 1558 1705 Et
1576 1663 1654 1724 ergo
1671 1642 1795 1705 bellum
1815 1634 1900 1705 lieri¹

484 1759 628 1813 exeunte
649 1749 766 1812 harum
785 1772 919 1833 quoque
939 1752 1124 1834 longiorum
1147 1753 1208 1830 die,
1227 1754 1388 1828 audimus,
1410 1774 1517 1835 neque
1534 1754 1598 1818 ista
1620 1753 1767 1818 solennia
1789 1774 1883 1836 prae·

484 1859 579 1922 mitti.
626 1859 726 1923 Ratio
742 1871 955 1944 utrarumque
970 1864 1174 1927 induciarum
1190 1865 1307 1926 eadem
1322 1863 1375 1926 hic
1391 1874 1449 1927 est.

527 1969 594 2034 Sed
618 1970 660 2033 de
682 1971 752 2035 istis
772 1972 962 2036 solennibus
985 1974 1065 2055 quid
1088 1983 1198 2037 statuo
1220 1976 1263 2036 ad
1285 1974 1408 2037 bellum
1427 1976 1516 2057 quod
1535 1977 1729 2057 suspicimus
1747 1975 1883 2040 serendo

482 2080 643 2144 auxilium
666 2081 762 2145 aliis?
808 2083 892 2146 Mihi
915 2085 962 2147 ita
982 2086 1252 2166 distinguendum
1273 2086 1409 2164 uidetur,
1428 2097 1464 2150 ut
1486 2107 1578 2150 arma
1601 2108 1667 2151 non
1691 2109 1882 2151 moueamus

482 2202 597 2256 contra
619 2194 827 2276 singulariter
852 2195 1057 2259 foederatum
1080 2197 1345 2271 coniunctumue,
1368 2199 1456 2278 prius
1478 2219 1579 2280 quam
1601 2198 1724 2263 foederi
1748 2209 1781 2262 et
1804 2219 1881 2262 con-

482 2305 640 2367 iunctioni
661 2307 895 2370 renunciemus,
942 2307 998 2372 Sic
1022 2307 1166 2371 Romani
1186 2329 1292 2390 neque
1312 2329 1373 2390 pro
1395 2309 1554 2374 dedititiis
1570 2310 1749 2390 Campanis
1768 2319 1882 2373 contra

483 2415 651 2479 Samnites
666 2427 765 2480 antea
779 2439 871 2480 arma
885 2430 1036 2498 sumunt3
1059 2441 1166 2502 neque
1181 2430 1295 2483 contra
1311 2419 1597 2501 Carthaginienses
1613 2442 1672 2502 pro
1689 2420 1881 2502 Saguntinis

483 2527 579 2590 sociis
598 2526 796 2591 fidelissimis
804 2527 825 2592 ².
871 2529 973 2611 Quod
991 2531 1018 2592 si
1039 2531 1164 2593 nullum
1184 2531 1355 2594 intercedit
1374 2531 1540 2594 uinculum
1560 2543 1689 2614 praeter
1706 2552 1881 2596 commune

482 2647 631 2701 naturae:
655 2638 815 2702 auxilium
831 2639 967 2703 forsitan
983 2640 1074 2717 seres,
1088 2662 1149 2705 nec
1165 2641 1288 2705 bellum
1305 2642 1527 2706 denunciabis.
1562 2643 1673 2706 Minus
1689 2645 1776 2706 enim
1792 2663 1881 2708 com·

482 2748 573 2810 muni
592 2748 667 2811 huic
686 2749 818 2812 uinculo
836 2750 974 2813 debetur
983 2749 1005 2813 ³.
1052 2753 1097 2814 Et
1115 2762 1262 2815 nostrum
1281 2752 1404 2816 bellurn
1424 2774 1490 2816 non
1508 2764 1566 2831 est,
1581 2755 1671 2836 quod
1690 2774 1751 2817 nec
1769 2763 1881 2818 nostro

481 2858 615 2921 nomine
633 2859 763 2940 geritur,
783 2878 843 2922 nec
861 2861 1013 2940 auspiciis
1033 2863 1161 2925 nostris.
1208 2863 1325 2944 Itaque
1348 2865 1374 2925 si
1397 2864 1430 2926 in
1453 2865 1645 2928 societatem
1669 2866 1880 2944 uenissemu3‚

481 2978 514 3030 et
533 2967 617 3031 foret
635 2969 713 3032 belli
738 2989 858 3032 nomen
881 2990 1058 3034 commune
1081 2982 1114 3035 et
1137 2975 1321 3036 communis
1339 2995 1397 3050 res,
1416 2984 1489 3037 tum
1506 2986 1593 3040 esset
1610 2976 1734 3040 bellum
1753 2979 1880 3040 denun-

480 3079 645 3142 ciandum.
692 3080 759 3144 Ubi
779 3079 869 3143 nulla
884 3101 997 3144 sumus
1012 3082 1089 3144 belli
1106 3103 1199 3163 pars:
1223 3083 1279 3146 ubi
1298 3085 1420 3147 iniussu
1439 3097 1551 3150 nostro
1570 3087 1693 3150 bellum
1710 3098 1743 3150 et
1757 3088 1881 3169 geritur

480 3200 514 3252 et
536 3189 620 3252 finiri
644 3201 764 3272 potest,
785 3192 864 3272 quid
890 3212 949 3254 nos
972 3192 1174 3258 indicemus?
1231 3195 1284 3272 Et,
1307 3197 1333 3258 si
1356 3197 1481 3260 auxilia
1504 3199 1714 3280 pecuniarum
1738 3199 1881 3276 ierimus

479 3300 604 3364 bellum
623 3322 755 3383 quoque
774 3301 976 3365 indicemus?
1023 3304 1068 3367 Et
1086 3306 1112 3367 si
1131 3306 1398 3369 commeatuum?
1444 3309 1489 3371 Et
1507 3310 1534 3372 si
1553 3306 1782 3373 consiliorum?
1828 3311 1880 3372 Ita

479 3432 542 3494 ego
559 3413 684 3494 opinor,
704 3413 839 3476 omnino
861 3414 888 3476 si
907 3414 1032 3477 auxilia
1053 3415 1186 3478 ierimus
1208 3417 1250 3479 ad
1270 3417 1505 3481 defensionem.
1552 3421 1625 3483 Irno
1647 3419 1710 3483 hoc
1733 3440 1810 3484 casu
1833 3421 1880 3483 sic

479 3523 563 3601 dico,
579 3524 679 3586 etiam
698 3525 725 3586 si
741 3525 866 3587 auxilia
880 3524 1037 3588 ferremus
1057 3537 1170 3590 contra
1189 3528 1394 3610 singulariter
1411 3529 1627 3594 foederatum.
1673 3532 1718 3593 Et
1737 3532 1880 3596 rationes

479 3634 549 3696 dixi
576 3635 609 3696 in
634 3634 699 3698 fine
723 3634 797 3696 libri
821 3637 1004 3717 superioris.
1062 3637 1098 3702 Si
1124 3659 1216 3702 arma
1239 3640 1468 3722 coniungimus
1491 3643 1535 3704 ad
1559 3642 1783 3720 offensionem,
1808 3650 1879 3705 tum

479 3765 545 3808 non
573 3747 700 3809 extrico
726 3748 816 3810 satis.
872 3746 939 3828 Qui
965 3749 1087 3812 bellum
1120 3761 1240 3829 mouet,
1268 3753 1338 3833 ipse
1364 3753 1486 3816 indicit.
1522 3752 1604 3816 alius
1635 3753 1759 3817 bellum
1789 3755 1879 3834 quod

477 3877 573 3919 suum
597 3867 744 3935 nonest,
768 3877 825 3919 cur
850 3859 982 3935 indicat,
1005 3859 1063 3922 uix
1086 3861 1193 3926 uideo.
1250 3863 1376 3926 Uerum
1401 3873 1459 3942 est,
1482 3865 1571 3945 quod
1599 3874 1733 3945 propter
1755 3864 1880 3926 auxilia

477 3967 653 4030 summissa
682 3968 750 4050 peti
777 3967 865 4031 bello
891 3971 1103 4034 auxiliatores
1133 3984 1272 4054 possunt
1301 3995 1441 4056 semper.
1499 3975 1544 4038 Et
1571 3975 1665 4058 petiti
1692 3996 1713 4038 a
1741 3974 1880 4038 Caesare

478 4077 625 4141 Britanni
655 4078 777 4142 sunt⁴z
808 4080 851 4142 ab
877 4081 949 4144 aliis
975 4083 1051 4145 alii:
1086 4085 1186 4146 etiam
1216 4105 1291 4148 cum
1318 4086 1560 4150 communicata
1587 4087 1723 4149 consilia
1749 4096 1880 4149 tantum

476 4188 584 4252 sunt⁵.
631 4189 699 4253 Sed
721 4199 833 4252 tamen
855 4193 945 4272 quod
969 4202 1116 4272 patretur
1137 4193 1260 4276 aliquid
1282 4195 1400 4260 hostile
1423 4217 1481 4278 per
1503 4198 1731 4260 administrata
1752 4197 1879 4261 auxilia

476 4299 566 4376 haec,
582 4320 648 4363 non
664 4301 739 4364 ideo
754 4301 878 4364 bellum
893 4302 957 4366 hoc
972 4312 1030 4381 est,
1044 4313 1077 4366 et
1091 4302 1215 4367 bellum
1229 4306 1438 4370 indicendum
1454 4317 1518 4371 est:
1538 4308 1626 4372 aliud
1641 4328 1706 4371 non
1719 4309 1808 4387 item,
1820 4319 1879 4373 aut

543 4533 551 4560 ¹
569 4532 622 4582 Bal.
634 4533 666 4582 de
677 4534 719 4582 Pa.
733 4534 779 4582 Co.
846 4533 856 4560 ²
873 4533 927 4584 Liu.
941 4534 982 4582 lib.
997 4545 1018 4596 7.
1030 4551 1050 4582 c
1066 4549 1104 4599 29,
1115 4534 1158 4585 lib.
1174 4549 1211 4584 21.
1224 4553 1245 4586 c.
1256 4536 1280 4586 6.
1345 4540 1354 4568 ³
1372 4539 1427 4590 Alc.
1439 4540 1456 4588 l.
1470 4554 1490 4589 1.
1503 4541 1532 4591 C.
1543 4541 1573 4590 de
1587 4540 1615 4590 in
1627 4541 1665 4590 ius
1677 4557 1717 4591 vo.
1732 4544 1766 4604 (a.
1778 4545 1813 4604 a).

838 4618 847 4646 ⁴
864 4617 935 4665 Caes.
947 4633 970 4679 4.
984 4615 1040 4667 Gal.
1054 4632 1092 4665 ao.
1323 4619 1333 4648 ⁶
1349 4621 1421 4673 Paus.
1433 4622 1476 4672 lib.
1491 4632 1513 4684 7.
