4522 5570
705 728 766 780 DE
794 728 897 782 IURE
926 729 1060 799 BELLI,
1090 730 1217 800 LIB.I,
1250 730 1337 786 CAP.
1360 730 1479 785 XXIII.
1730 737 1787 780 111

392 971 557 1036 tenuerint
575 972 726 1038 Italiam:
751 983 784 1037 et
801 976 991 1037 Romanum
1007 975 1073 1038 illic
1088 975 1261 1056 imperium
1278 975 1458 1039 exscidisse
1473 975 1656 1038 uideantur.
1696 971 1793 1036 Idem

388 1083 478 1144 enim
499 1094 548 1146 est
567 1083 685 1147 fluuius
704 1085 808 1167 Niger
823 1095 856 1148 et
872 1085 980 1166 Tigris
996 1096 1173 1168 postquam
1193 1085 1298 1150 multa
1318 1106 1475 1168 passuum
1497 1085 1601 1148 millia
1617 1084 1713 1148 latuit
1734 1083 1794 1146 sub

391 1201 511 1256 terram
537 1194 662 1274 fluens;
696 1205 729 1259 et
756 1197 811 1278 qui
842 1216 901 1278 per
926 1197 1034 1260 lacum
1064 1197 1266 1279 perrumpit3
1298 1207 1331 1259 et
1358 1197 1414 1278 qui
1441 1196 1541 1259 etiam
1572 1196 1684 1259 subter
1712 1193 1796 1257 labit

393 1305 495 1368 maria
505 1304 525 1369 ¹.
580 1307 669 1369 Nam
688 1307 755 1370 tale
774 1306 870 1370 fuerit
891 1308 1082 1370 Romanum
1106 1308 1138 1370 in
1162 1308 1258 1371 Italia
1277 1318 1311 1372 et
1335 1308 1518 1372 Occidente
1541 1307 1714 1388 imperium
1738 1324 1796 1387 per
1851 1381 1857 1392 .

392 1416 465 1479 illas
488 1417 700 1481 barbarorum
723 1419 954 1482 inundationes
980 1428 1167 1482 contectum
1189 1419 1431 1501 potiusquam
1456 1419 1651 1482 extinctum.
1697 1417 1746 1480 Ut
1768 1415 1795 1478 si

393 1527 483 1591 cuius
499 1550 578 1611 ager
592 1528 690 1592 luerit
712 1530 898 1608 inundatus,
915 1539 950 1593 et
969 1550 1056 1612 aqua
1075 1531 1250 1608 recesserit,
1266 1530 1378 1612 palam
1398 1539 1458 1607 est,
1474 1550 1550 1593 eum
1568 1527 1706 1591 fundum
1726 1527 1796 1589 eius

394 1659 533 1718 manere,
550 1641 640 1704 cuius
661 1639 742 1703 luit:
767 1641 983 1722 nequeenim
1007 1642 1178 1704 inundatio
1202 1641 1293 1705 fundi
1315 1643 1460 1723 speciem
1484 1648 1666 1704 commutat
1677 1637 1700 1702 ².
1744 1636 1796 1700 At
1912 1682 1916 1689 -

394 1769 501 1831 neque
526 1759 701 1813 tenuerunt
725 1750 827 1814 Gothi
854 1752 915 1814 nisi
943 1761 1073 1832 partem
1098 1752 1223 1829 Italiae,
1245 1762 1279 1816 et
1303 1753 1394 1815 illam
1417 1753 1464 1816 eis
1486 1750 1752 1816 commendatam
1775 1769 1796 1812 a

395 1860 556 1924 Romanis
576 1860 709 1925 Graecis
730 1863 989 1943 imperatoribus,
1035 1862 1123 1925 Nam
1143 1863 1235 1926 Zeno
1257 1873 1408 1927 senatum
1429 1862 1652 1945 populumque
1672 1860 1796 1924 Roma·

394 1992 473 2033 num
495 1992 569 2035 curn
592 1973 664 2054 ipsa
680 1973 761 2035 urbe
783 1994 822 2037 ac
845 1982 916 2036 tota
937 1974 1033 2036 Italia
1049 1974 1265 2052 Theodorico,
1281 1975 1468 2038 Gothorum
1492 1975 1568 2056 regi,
1584 1974 1795 2037 commenda-

393 2083 450 2160 uit,
471 2084 633 2164 adoptato
656 2085 688 2146 in
711 2085 824 2163 filium,
847 2084 935 2148 sacto
959 2085 1093 2163 consuli,
1112 2087 1263 2167 adeoque
1286 2087 1318 2149 in
1342 2086 1575 2169 participatum
1599 2083 1798 2166 reipublicae

396 2193 568 2257 Romanae
590 2195 726 2274 adscit0,
745 2205 883 2258 externo
907 2216 972 2258 non
996 2195 1153 2260 derelicto
1163 2195 1186 2259 ³.
1232 2196 1344 2259 Etiam
1363 2197 1521 2260 uolebant
1545 2194 1655 2272 Gothi,
1674 2215 1709 2258 se
1731 2194 1796 2258 dici

394 2303 427 2366 in
444 2324 578 2386 corpore
595 2305 738 2368 Romani
761 2306 908 2387 imperii:
931 2315 967 2370 ut
982 2308 1071 2388 apud
1091 2307 1326 2370 Cassiodorum
1349 2307 1512 2370 notaueris
1521 2305 1544 2370 ⁴.
1590 2306 1640 2370 Ut
1658 2325 1735 2368 uero
1753 2305 1797 2368 ab

396 2415 529 2478 Herulis
552 2417 674 2498 recepit
698 2416 831 2480 Italiam
848 2416 1093 2482 Theodoricus:
1117 2419 1163 2481 ita
1181 2439 1201 2481 a
1219 2417 1337 2481 Gothis
1361 2440 1441 2480 mox
1462 2418 1641 2481 uindicauit
1665 2416 1797 2481 Iustini-

395 2546 496 2590 anus:
528 2537 561 2590 et
583 2529 739 2591 amissam
762 2529 795 2591 in
819 2537 912 2611 parte
935 2529 996 2591 sub
1021 2528 1158 2606 Iustino,
1181 2538 1215 2592 et
1238 2529 1318 2607 aliis,
1340 2539 1601 2612 occupatamque
1622 2549 1642 2591 a
1665 2529 1798 2611 Longo·

395 2637 514 2717 bardis
531 2659 630 2701 manu
649 2640 788 2703 asseruit
810 2639 843 2702 in
862 2641 1036 2721 pristinum
1057 2639 1204 2718 Carolus,
1221 2640 1342 2704 collato
1364 2641 1397 2703 in
1416 2661 1453 2704 se
1471 2641 1567 2704 titulo
1587 2640 1798 2723 principatus.

397 2749 609 2832 Longobardi
633 2770 693 2814 nec
716 2771 872 2833 umquam
897 2761 1098 2833 occuparunt
1123 2753 1277 2830 Romam,
1298 2761 1355 2816 aut
1378 2752 1593 2816 exarchatum
1615 2760 1798 2828 tenuerunt,

397 2861 459 2924 etsi
483 2859 547 2924 alia
570 2881 673 2944 usque
695 2861 728 2925 in
752 2861 926 2926 Samnium
950 2863 1148 2944 subegerunt
1158 2863 1178 2927 ὅ.
1226 2862 1334 2946 Saepe
1357 2863 1456 2926 etiam
1479 2873 1683 2946 agnouenrnt
1703 2881 1799 2944 supe-

397 2973 514 3035 riorem
537 2959 778 3055 imperatorem.
802 2994 901 3056 saepe
918 2983 952 3038 et
971 2974 1058 3049 uicti,
1078 2984 1111 3038 et
1131 2975 1268 3056 repressi
1287 2996 1308 3037 a
1327 2974 1487 3038 Romanis
1511 2974 1645 3038 Graecis
1655 2975 1678 3037 ⁰.
1724 2973 1798 3036 Etsi

396 3084 496 3165 igitur
518 3084 550 3146 in
573 3084 670 3147 Italia
691 3095 749 3148 aut
772 3086 805 3148 in
828 3086 1010 3150 Occidente
1033 3106 1092 3150 nec
1111 3086 1197 3149 ullus
1221 3086 1326 3164 suerit,
1342 3087 1398 3168 qui
1420 3087 1532 3149 sedem
1554 3085 1645 3167 regni
1664 3085 1800 3148 haberet

397 3215 457 3276 per
478 3215 582 3258 annos
605 3196 747 3278 amplius
768 3205 941 3274 trecentos
959 3198 992 3260 id
1016 3205 1074 3274 est,
1093 3197 1136 3260 ab
1158 3196 1350 3279 Augustulo
1372 3197 1414 3259 ad
1439 3195 1604 3274 Carolum,
1620 3205 1676 3259 aut
1699 3197 1799 3259 etiam

397 3326 417 3368 a
446 3307 544 3369 tertio
575 3307 819 3386 Ualentinian0,
842 3328 916 3371 curn
946 3328 1013 3389 quo
1042 3307 1240 3390 Hesperium
1272 3309 1319 3371 sic
1349 3307 1471 3371 dixerit
1499 3306 1592 3370 Beda
1619 3309 1800 3372 concidisse

398 3418 576 3499 regnuml:
599 3419 728 3483 luerunt
747 3429 860 3482 tamen
877 3439 1014 3500 semper,
1030 3419 1085 3500 qui
1104 3429 1255 3500 regerent
1271 3419 1404 3482 nomine
1419 3427 1452 3483 et
1468 3420 1665 3483 auctoritate
1682 3419 1799 3483 Orien-

397 3528 534 3608 talium;
570 3540 658 3594 certe
690 3531 739 3593 ius
768 3531 833 3594 illic
861 3530 995 3612 regendi
1027 3540 1060 3593 et
1094 3529 1277 3612 imperandi
1307 3531 1522 3594 uindicarent.
1568 3529 1624 3594 Sic
1657 3531 1800 3595 Romani

399 3640 571 3720 pontifices
597 3640 805 3722 appellarunt
834 3661 911 3703 suos
938 3641 1091 3704 dominos
1123 3642 1337 3722 imperatores
1364 3639 1438 3703 illos
1461 3640 1605 3704 Graecos
1628 3663 1732 3723 usque
1756 3645 1799 3706 ad

401 3750 557 3814 Carolum
567 3749 589 3814 ⁸.
628 3751 714 3814 Sunt
729 3771 862 3833 quoque
878 3752 934 3833 qui
950 3752 1073 3828 dicunt,
1087 3759 1165 3813 ante
1182 3750 1337 3814 Carolum
1353 3751 1395 3812 ab
1412 3749 1594 3813 Anastasio
1609 3751 1659 3815 ius
1675 3752 1800 3833 imperii

401 3860 624 3925 Occidentalis
646 3862 804 3924 tributum
829 3861 1008 3938 Clodoueo,
1024 3862 1092 3941 regi
1115 3861 1195 3923 item
1219 3860 1440 3923 Francorum:
1464 3870 1498 3923 et
1515 3861 1558 3923 ab
1577 3861 1639 3925 hoc
1659 3861 1800 3924 Franco-

330 3993 331 3996 *
400 3992 471 4034 rum
491 3991 592 4052 regno
611 3970 708 4034 auelli
728 3991 793 4034 non
811 3971 968 4053 potuisse,
984 3971 1187 4034 contendunt
1197 3971 1217 4033 l.
1262 3970 1375 4034 Etiam
1394 3969 1459 4047 alii,
1481 3969 1599 4034 Carolo
1618 3981 1652 4034 et
1670 3971 1800 4053 regibus

360 4141 361 4146 ,
400 4082 600 4146 Francorum
619 4083 735 4145 datum
751 4081 863 4145 aiunt:
887 4091 921 4145 et
937 4081 1107 4162 disputant
1126 4080 1300 4144 aduersum
1317 4101 1473 4163 praesens
1489 4081 1539 4143 ius
1554 4083 1800 4163 septemuirum,

399 4353 406 4381 ¹
424 4352 487 4402 Plin.
499 4353 544 4401 lib.
559 4367 580 4401 2.
592 4368 613 4401 c.
628 4365 690 4412 1033
708 4349 768 4398 lust.
782 4364 823 4412 4²·
856 4349 865 4378 ¹
883 4349 943 4398 lnst.
954 4348 986 4399 de
997 4364 1031 4398 re.
1043 4347 1093 4398 diu.
1106 4351 1141 4411 (a.
1153 4349 1188 4413 1).
1220 4350 1230 4378 ³
1247 4350 1335 4415 Pomp.
1348 4349 1419 4408 Lae.;
1437 4349 1528 4414 Egnat.
1536 4365 1542 4406 ;
1560 4349 1657 4398 Bonlin.
1669 4365 1689 4398 1.
1702 4350 1768 4416 Ung.
1779 4361 1801 4415 7.

448 4436 457 4463 ⁴
474 4433 569 4484 Cassio.
584 4447 604 4483 1.
617 4433 676 4482 Ver.
691 4447 711 4480 ι.
788 4430 798 4459 ⁵
815 4430 872 4480 Ale.
886 4441 907 4494 7.
921 4431 991 4480 Pare.
1007 4445 1044 4496 19.
1121 4430 1131 4459 ⁶
1148 4431 1236 4496 Pomp.
1250 4431 1308 4481 Lae.
1320 4431 1377 4482 Tib.
1391 4432 1486 4489 Maur.;
1505 4431 1715 4496 Bonfin.Ung.8.
1729 4447 1750 4482 1.

549 4515 558 4542 ⁷
577 4515 636 4565 Bed.
650 4528 671 4562 1.
685 4513 752 4562 Hist.
765 4513 832 4577 Aug.
847 4527 885 4562 rr.
1026 4510 1037 4540 ³
1053 4512 1113 4562 Bed.
1128 4526 1150 4564 1.
1163 4513 1231 4562 Hist.
1245 4515 1283 4564 28.
1297 4529 1335 4580 29.
1349 4528 1388 4576 30.
1402 4527 1440 4576 ³²·
1452 4521 1478 4563 et
1488 4513 1532 4563 lib.
1547 4529 1568 4564 2.
1580 4529 1602 4564 c.
1617 4515 1654 4564 18.

789 4595 798 4624 ⁹
815 4596 890 4646 Cont.
902 4593 957 4645 lnd.
970 4595 1081 4652 eantur..
1093 4597 1123 4647 C.
1135 4595 1167 4644 ad
1178 4595 1209 4645 le.
1221 4597 1259 4646 Iu.
1271 4611 1321 4645 ma.
1333 4597 1368 4660 (9.
1383 4598 1418 4659 8).
