4498 5566
1229 593 1872 608 m--m-—ss-—n

966 699 1371 763 PRAEFATIO.

1776 845 1870 854 *-

522 931 598 1029 Spe
625 935 757 1008 ductus
780 937 910 1009 harum
933 938 1226 1034 disputationum
1251 936 1409 1033 uestigia
1433 936 1619 1031 quaedam
1646 934 1868 1022 inueniendi,

470 1064 635 1140 Alberici
648 1068 760 1143 MSS.
774 1070 906 1144 iterum
925 1071 1092 1168 peruolui
1109 1088 1147 1145 et
1164 1072 1407 1167 quaestiones
1421 1068 1649 1165 uesperiales
1667 1096 1690 1142 a
1707 1069 1868 1142 lamesio

409 1246 414 1254 ι
468 1199 719 1275 discutiendas
745 1204 868 1278 adhuc
894 1223 1043 1280 exstare
1068 1206 1190 1279 dicere
1218 1231 1383 1302 possum,
1412 1204 1571 1278 scilicet:
1608 1228 1630 1276 1.
1658 1204 1688 1276 si
1716 1219 1868 1300 propter

468 1333 586 1407 malos
604 1361 727 1410 mores
747 1339 913 1414 interdici
932 1340 1029 1415 solet
1045 1342 1154 1414 bonis
1173 1341 1359 1437 paternis:
1389 1365 1426 1413 11.
1456 1341 1485 1412 si
1505 1339 1610 1413 liberi
1629 1337 1801 1412 homines
1819 1336 1868 1408 ad

466 1469 662 1543 ueritatem
693 1476 991 1572 cognoscendam
1019 1493 1118 1549 recte
1149 1491 1391 1570 torquentur:
1429 1498 1481 1548 111.
1518 1475 1548 1548 si
1576 1499 1670 1547 uxor
1695 1486 1868 1545 teneatur

466 1603 572 1698 sequi
599 1605 719 1679 uirum
747 1607 971 1696 exulantem,
997 1624 1063 1683 aut
1086 1634 1211 1682 carere
1239 1607 1422 1682 alimonia.
1480 1608 1581 1680 Birdi
1606 1606 1867 1704 quaestionum

466 1752 590 1811 exstat
610 1756 754 1814 tantum
775 1744 904 1839 prima,
924 1743 1083 1818 scilicet:
1112 1744 1142 1818 si
1167 1760 1311 1841 patrem
1330 1740 1542 1817 exulantem
1568 1741 1789 1815 interficiens
1810 1754 1868 1812 est

465 1872 656 1965 parricida.
711 1874 861 1950 Desunt
891 1878 1043 1951 omnino
1074 1893 1152 1950 tam
1183 1877 1304 1950 oratio
1335 1875 1553 1972 uesperialis
1582 1876 1629 1949 de
1661 1876 1738 1948 iure
1766 1871 1865 1956 belli,

465 2030 578 2099 quam
605 2011 845 2102 quaestiones
871 2009 1087 2085 comitiales.

518 2230 723 2308 Paucorum
751 2238 933 2310 mensium
964 2235 1158 2311 interuallo
1186 2262 1233 2309 ex
1260 2235 1513 2332 disputatione
1540 2234 1715 2310 comitiali
1743 2234 1863 2307 sactus

463 2381 522 2439 est
564 2364 720 2456 libellus,
765 2371 822 2445 cui
867 2370 997 2444 titulus
1040 2371 1099 2443 De
1141 2372 1235 2442 Iure
1280 2370 1384 2442 Belli
1431 2371 1677 2443 commentatio
1722 2368 1861 2464 prima.

467 2497 581 2573 Hunc
607 2502 764 2577 Londini
792 2505 926 2579 eodem
948 2530 1046 2579 anno
1070 2505 1170 2601 typis
1192 2504 1429 2586 mandauisse
1455 2505 1662 2578 Iohannem
1684 2500 1862 2576 Wolfium

463 2656 530 2727 pro
555 2651 657 2710 certo
684 2636 842 2723 habeo¹,
861 2663 1088 2734 quamquam
1116 2637 1230 2736 uulgo
1257 2638 1418 2711 creditur
1439 2639 1613 2738 Lugduni
1635 2638 1862 2712 Batauorum

463 2765 622 2860 primum
638 2771 674 2842 in
692 2769 812 2844 lucem
831 2771 1023 2867 prodiisse.

513 2903 627 2978 Anno
657 2928 856 2978 Motxxxtx
884 2905 1045 2990 ineunte,
1076 2921 1203 2978 secuta
1234 2921 1292 2978 est
1322 2908 1588 2981 commentatio
1620 2903 1782 2979 secunda
1814 2930 1862 2977 ex
1947 2979 1952 2987 ,

462 3036 596 3109 eodem
624 3038 738 3133 prelo,

514 3168 598 3243 Has
625 3172 731 3245 binas
755 3174 1089 3247 commentationes
1113 3174 1224 3270 paulo
1252 3192 1347 3271 post,
1368 3174 1506 3248 scilicet
1532 3201 1629 3250 anno
1654 3195 1860 3257 nutrimur,

461 3301 634 3402 Lugduni
657 3307 913 3395 Batauorum²‚
933 3309 1065 3381 excudi
1089 3310 1232 3382 curauit
1253 3309 1440 3383 lohannes
1465 3310 1512 3383 de
1538 3308 1573 3382 la
1602 3309 1712 3404 Croy,
1732 3307 1795 3403 qui
1823 3321 1862 3379 et

459 3439 649 3535 praelatus
668 3457 726 3513 est
745 3441 781 3513 in
800 3441 893 3514 haec
911 3443 1027 3516 uerba
1041 3471 1099 3516 ε·-

500 3727 509 3758 ¹
531 3725 627 3786 Huius
649 3731 905 3789 commentationis
926 3732 1075 3805 exemplar
1092 3730 1226 3788 Londini
1247 3749 1386 3789 excusum
1409 3747 1559 3806 nunquam
1582 3731 1650 3800 uidi,
1672 3729 1724 3788 sed
1745 3740 1859 3789 constat

458 3825 505 3884 die
529 3845 569 3884 xx
598 3827 776 3904 Septembris
804 3830 873 3888 anni
902 3849 1083 3900 nonxxxnrr,
1107 3829 1234 3889 Alberici
1265 3829 1388 3889 Gentilis
1414 3829 1459 3888 De
1481 3828 1550 3888 Iure
1574 3829 1653 3888 Belli
1673 3829 1800 3888 libellum
1828 3831 1858 3890 in

457 3923 599 4002 Registris
616 3925 767 3987 Societatis
783 3928 1022 3987 Stationariorum
1033 3928 1277 3987 Londiniensium
1292 3948 1310 3987 a
1326 3927 1458 3987 Iohanne
1471 3927 1580 3986 Wolfio
1591 3929 1768 3988 insinuatum
1784 3946 1855 3986 esse.

457 4023 620 4101 Epistulam
630 4026 839 4086 dedicatoriam
855 4029 999 4087 scribebat
1008 4027 1132 4088 Gentilis
1146 4047 1171 4086 a.
1184 4028 1212 4086 d.
1224 4029 1253 4087 iii
1265 4027 1343 4086 Non.
1358 4027 1423 4087 Oct.
1434 4028 1563 4086 eiusdem
1579 4029 1656 4094 anni.
1685 4028 1721 4086 In
1736 4027 1858 4104 epistola

457 4123 634 4183 dedicatoria
662 4127 918 4186 commentationis
947 4126 1101 4197 secundae,
1130 4144 1155 4183 a.
1183 4128 1211 4186 d.
1241 4146 1270 4184 ιν
1296 4126 1361 4185 Kal.
1391 4128 1452 4185 Ian.
1483 4145 1655 4186 nnuxxxvur
1683 4126 1857 4203 conscripta,

456 4223 636 4281 mentionem
655 4223 722 4282 facit
741 4235 841 4283 auctor
859 4226 1113 4283 commentationis
1132 4225 1243 4302 primae
1266 4225 1342 4283 uelut
1363 4226 1535 4302 iampridem
1550 4226 1657 4302 publici
1672 4225 1740 4284 iun's
1755 4226 1856 4284 factae.

455 4319 744 4381 Commentationum
760 4324 907 4382 secundae
922 4333 950 4382 et
966 4325 1072 4392 tertiae,
1089 4341 1106 4380 a
1121 4323 1185 4382 Ioh.
1200 4323 1284 4381 Wolf
1299 4343 1479 4393 excusatum,
1495 4333 1610 4382 exstant
1629 4325 1660 4381 in
1675 4323 1856 4383 Bibliotheca

455 4416 618 4477 Bodleiana
632 4422 816 4497 exemplaria.

496 4514 508 4547 ⁸
527 4515 690 4577 Nominum
706 4520 891 4578 similitudine
907 4519 1028 4578 fortasse
1045 4520 1167 4595 decepti,
1182 4520 1309 4597 quidam,
1322 4521 1400 4579 uelut
1416 4519 1532 4579 Hallam
1545 4519 1612 4600 (Lit.
1624 4517 1706 4596 Eur.)
1718 4519 1855 4597 Lugduni

455 4613 485 4671 in
501 4612 595 4674 Gallia
609 4617 694 4677 huius
710 4619 806 4694 operis
821 4619 980 4677 editionem
995 4620 1137 4678 exstitisse
1152 4619 1276 4678 tradunt.
