4498 5566
469 713 509 776 14
955 704 1159 761 assensor
1187 706 1387 762 aarum

468 947 603 1012 Publica
626 946 704 1031 ergo
728 966 799 1010 esse
821 966 913 1010 arrna
934 945 1089 1029 utrinque
1114 957 1255 1030 oportet,
1278 957 1312 1012 et
1338 948 1492 1031 utrinque
1518 967 1590 1012 esse
1613 947 1788 1031 Principes,
1814 947 1872 1032 qui
1947 949 1949 952 ’

354 1129 358 1136 ,
467 1057 593 1123 bellum
609 1067 736 1141 gerant.
781 1057 880 1140 Quod
905 1066 938 1121 et
952 1057 1144 1141 Augustino
1154 1056 1173 1138 ¹,
1191 1069 1224 1123 et
1240 1059 1373 1141 reliquis
1398 1059 1506 1122 uisum
1523 1059 1713 1142 Theologis.
1739 1068 1774 1124 et
1788 1063 1872 1124 ratio

468 1171 634 1236 ostendit:
656 1169 734 1253 quia
754 1190 798 1232 ex
818 1171 1013 1234 necessitate
1032 1169 1157 1234 bellum
1174 1169 1396 1234 introductum
1413 1169 1494 1235 est².
1528 1190 1614 1252 quae
1637 1179 1694 1249 est,
1713 1170 1871 1254 quoniam

470 1283 555 1347 inter
570 1302 716 1346 summos
732 1281 908 1365 Principes,
924 1281 1107 1365 populosus
1121 1282 1242 1346 liberos
1257 1282 1317 1346 fori
1333 1281 1591 1365 disceptationes
1605 1302 1678 1346 esse
1693 1291 1871 1365 nequeunt,

470 1393 533 1458 nisi
555 1394 639 1458 inter
654 1392 811 1458 uolentes.
841 1393 898 1477 qui
922 1393 1064 1459 iudicem
1087 1393 1212 1459 scilicet
1231 1414 1297 1458 non
1320 1393 1454 1472 habent,
1470 1403 1504 1457 et
1527 1395 1737 1476 superiorem.
1776 1404 1810 1458 et
1824 1395 1871 1459 sic

469 1507 591 1570 summi
606 1515 692 1585 sunt,
707 1514 742 1570 et
756 1505 962 1588 publicorum
979 1505 1239 1589 appellationem
1254 1516 1421 1569 merentur
1436 1505 1496 1570 soli
1506 1504 1530 1567 ³.
1557 1505 1672 1589 reliqui
1688 1516 1800 1570 autem
1824 1506 1872 1569 in·

469 1619 603 1684 seriores
618 1637 734 1682 omnes
750 1617 822 1681 loco
838 1617 1042 1700 priuatorum
1058 1627 1242 1681 censentur.
1281 1617 1360 1682 Non
1378 1627 1429 1682 est
1444 1617 1584 1701 Principi
1601 1617 1633 1681 in
1650 1619 1745 1682 terris
1760 1618 1872 1683 iudex.

469 1740 528 1794 aut
550 1729 604 1794 ille
621 1729 776 1812 Princeps
799 1748 865 1791 non
889 1737 948 1805 est,
965 1748 1064 1812 supra
1078 1749 1178 1812 quem
1194 1728 1282 1812 capit
1301 1728 1385 1793 alius
1407 1729 1516 1793 locurn
1532 1728 1685 1812 primurn.
1731 1729 1777 1792 Et
1793 1749 1871 1793 uero

469 1845 516 1907 sic
542 1862 578 1906 se
601 1840 710 1906 serunt
736 1839 913 1922 Principes.
954 1847 988 1904 et
1010 1840 1156 1924 optimus
1180 1839 1226 1905 sic
1250 1841 1382 1905 dicebat
1406 1840 1592 1924 Imperator
1614 1841 1662 1906 M.
1680 1839 1837 1906 Aurelius
1848 1840 1872 1909 ⁴.

469 1955 700 2020 Necessarium
725 1954 837 2036 itaque
867 1951 1023 2017 iudicium
1049 1972 1215 2016 armonum
1239 1952 1323 2016 inter
1348 1952 1410 2017 hos
1438 1953 1544 2018 fuerit.
1598 1953 1728 2018 Bellum
1752 1954 1872 2038 (inquit

470 2065 726 2146 Demosthenes)
747 2073 861 2130 contra
876 2063 937 2128 hos
958 2073 1017 2142 est,
1032 2064 1089 2147 qui
1106 2064 1233 2147 legibus
1249 2073 1416 2149 nequeunt
1435 2064 1596 2129 coerceri:
1618 2064 1738 2130 iudicia
1758 2075 1870 2130 autem

468 2179 502 2244 in
525 2177 614 2244 ciues
637 2178 818 2243 redduntur
826 2178 848 2244 ⁵.
893 2177 1013 2262 Neque
1036 2197 1109 2241 earn
1134 2187 1247 2242 tamen
1270 2177 1323 2242 hic
1350 2176 1498 2260 intelligo
1521 2178 1760 2257 necessitatem,
1785 2199 1871 2261 quae

467 2290 661 2374 saepissime
690 2311 757 2355 non
786 2291 964 2354 necessitas
995 2309 1066 2353 esse
1093 2308 1159 2353 non
1190 2289 1305 2372 possit.
1358 2288 1447 2352 Nam
1478 2298 1516 2354 ut
1544 2289 1613 2352 duo
1642 2297 1720 2354 sunt
1749 2311 1871 2373 genera

468 2404 667 2482 decertandi,
683 2422 784 2466 unum
807 2423 866 2484 per
888 2401 1170 2485 disceptationem,
1185 2401 1327 2466 alterum
1347 2420 1407 2484 per
1424 2399 1535 2464 uim02
1559 2401 1605 2465 ita
1620 2401 1662 2465 ad
1679 2401 1742 2467 hoc
1757 2402 1870 2467 conlu-

467 2515 626 2598 giendum
649 2535 715 2578 non
739 2523 798 2593 est,
813 2513 840 2576 si
859 2514 906 2578 uti
926 2513 1092 2596 superiore
1115 2513 1236 2577 licebit.
1291 2513 1385 2576 Haec
1408 2521 1459 2577 est
1481 2513 1668 2592 necessitas,
1694 2534 1780 2597 quae
1801 2513 1871 2579 bel·

468 2627 539 2692 lum
561 2626 724 2705 iustificat,
740 2646 843 2708 quum
864 2626 907 2691 ad
922 2625 1046 2690 bellum
1062 2635 1215 2689 extremo
1235 2624 1310 2688 loco
1330 2624 1536 2708 confugitur:
1559 2625 1606 2689 ait
1623 2625 1747 2690 Baldus
1755 2626 1779 2691 ⁷.
1824 2625 1871 2690 Et

469 2739 533 2803 hoc
549 2748 608 2815 est,
624 2738 712 2822 quod
730 2738 873 2801 Romani
889 2757 1068 2820 prouocare
1083 2737 1243 2816 solebant,
1259 2744 1295 2800 ut
1310 2736 1419 2800 uerbis
1440 2747 1474 2801 et
1490 2737 1609 2802 iudicio
1630 2737 1872 2803 controuersiae

470 2851 648 2931 finirentur,
666 2869 732 2914 non
755 2849 798 2913 ad
821 2869 912 2914 arma
935 2847 1066 2914 iretur⁸.
1110 2847 1166 2914 Sic
1181 2846 1348 2912 Ardeates
1369 2859 1402 2914 et
1417 2847 1564 2916 Aricini:
1588 2851 1634 2916 sic
1651 2851 1872 2935 Neapolitani,

432 2985 435 2991 ·
470 2973 504 3029 et
520 2962 642 3027 Nolani
661 2963 704 3028 ad
719 2963 877 3027 iudicium
892 2961 1006 3045 populi
1031 2959 1173 3024 Romani
1196 2962 1329 3041 adeunt,
1345 2961 1485 3026 afferunt
1500 2963 1737 3028 controuersias
1746 2965 1768 3027 ⁹.
1814 2963 1872 3029 Sic

470 3075 638 3141 Samnites
647 3084 830 3159 prouocant
843 3075 875 3137 in
888 3071 1162 3157 disceptationem
1175 3073 1346 3137 Romanos
1356 3095 1467 3138 coram
1479 3076 1709 3140 communibus
1721 3072 1871 3141 amicis¹⁰.

470 3187 517 3252 Et
538 3185 763 3252 Archidamus
785 3187 925 3265 dicebat,
944 3206 1010 3249 non
1029 3183 1214 3266 legitimum
1238 3206 1318 3264 esse,
1334 3187 1435 3249 armis
1458 3186 1503 3250 ire
1523 3187 1699 3252 aduersum
1726 3209 1792 3266 eos,
1815 3188 1871 3272 qui

468 3299 609 3363 offerunt
633 3320 668 3363 se
691 3299 810 3363 iudicio
820 3296 854 3360 ¹1.
900 3298 945 3363 Et
970 3295 1077 3379 Cyrus
1101 3296 1169 3378 (qui
1193 3307 1244 3360 est
1260 3297 1486 3380 Xenophonti,
1507 3298 1709 3383 Philosopho
1731 3320 1872 3381 summ0,

470 3419 504 3475 et
523 3432 653 3476 summo
671 3409 876 3494 Imperatori,
892 3409 1010 3492 optimi
1031 3409 1203 3492 exemplar
1224 3408 1369 3473 effictum
1391 3409 1561 3496 Principis)
1583 3431 1694 3494 regern
1713 3413 1872 3479 Indorum

470 3523 612 3587 iudicem
633 3523 696 3588 fert
716 3523 787 3602 sibi,
803 3521 1010 3604 Assyrioque
1020 3519 1055 3580 ¹²·
1099 3522 1144 3585 Et
1158 3520 1223 3600 alii,
1237 3521 1434 3604 barbarIque
1449 3519 1509 3609 (sic
1524 3533 1641 3588 notum
1656 3525 1719 3589 hoc
1740 3525 1789 3588 ius
1811 3534 1870 3602 est,

469 3646 503 3701 et
525 3636 588 3700 ista
610 3656 677 3699 non
700 3635 877 3700 necessitas
899 3631 992 3719 nota)
1015 3632 1156 3696 iudicem
1180 3635 1485 3715 controuersiarum,
1507 3645 1541 3700 et
1563 3635 1726 3700 bellorum
1749 3636 1872 3702 Adria·

469 3770 557 3828 num,
575 3746 794 3827 Antoninum,
816 3746 1038 3830 Imperatores
1061 3746 1234 3810 Romanos
1256 3766 1402 3811 sumsere
1411 3745 1445 3813 ¹³.
1497 3749 1542 3812 Et
1561 3748 1701 3813 Carolus
1724 3748 1871 3832 Quartus

469 3861 654 3947 Imperator
663 3862 774 3927 aditus
786 3861 888 3926 iudex
899 3881 919 3926 a
930 3860 958 3923 F
960 3879 1065 3940 rauco,
1078 3867 1111 3924 et
1122 3857 1246 3943 Anglo,
1259 3860 1391 3943 regibus
1401 3857 1437 3919 ¹⁴·
1465 3860 1511 3924 Et
1528 3860 1692 3926 Henricus
1707 3864 1872 3928 secundus

467 3975 613 4058 Angliae
634 3973 712 4040 Rex
734 3997 755 4039 a
777 3975 907 4058 regibus
930 3975 1040 4039 aditus
1064 3972 1239 4053 castellae,
1262 3982 1298 4037 et
1323 3973 1504 4038 Nauarrae.
1558 3973 1604 4038 Et
1630 3972 1735 4040 altero
1759 3976 1871 4041 seculo

466 4087 628 4170 Aragonii
654 4109 747 4172 reges
774 4086 934 4172 Neapolis
956 4086 1000 4150 de
1025 4107 1126 4168 regno
1154 4085 1218 4164 illo,
1245 4085 1279 4148 in
1305 4085 1529 4149 controuersia
1558 4104 1634 4150 cum
1661 4085 1759 4151 Gallo
1785 4107 1870 4171 rege,

476 4239 620 4248 ..ι-*-

469 4314 476 4344 ¹
489 4315 555 4380 Aug.
570 4329 607 4364 aa.
621 4314 681 4364 Fau.
696 4322 734 4376 75.
795 4311 805 4340 ²
821 4311 882 4360 Inst.
897 4325 917 4359 1.
933 4323 953 4356 2.
1014 4308 1025 4338 ³
1040 4305 1058 4356 l.
1067 4305 1106 4356 16.
1117 4306 1188 4356 dev.
1202 4305 1229 4356 S.
1242 4305 1287 4368 (D.
1298 4305 1403 4368 5o.16);
1418 4305 1473 4357 Bal.
1484 4322 1508 4369 4
1520 4323 1588 4358 cons.
1602 4322 1645 4372 52:
1657 4307 1733 4359 Arist.
1745 4324 1769 4373 4.
1781 4309 1835 4362 1³01.
1848 4327 1871 4374 4

564 4395 574 4425 ¹
591 4395 686 4460 Xiphil.
699 4393 766 4459 Epit.
777 4392 821 4442 lib.
836 4404 874 4456 71.
995 4389 1005 4419 ³
1022 4387 1095 4438 Dem.
1107 4388 1138 4437 de
1151 4387 1237 4438 Chers.
1251 4389 1287 4452 (p.
1297 4389 1350 4450 97).
1470 4387 1481 4418 ⁸
1497 4389 1550 4440 Cic.
1563 4403 1584 4440 1.
1595 4389 1627 4440 de
1638 4389 1687 4440 on.
1700 4405 1722 4441 c.
1734 4403 1771 4440 11.

696 4475 706 4506 l
724 4475 777 4525 Bal.
790 4489 812 4537 5.
825 4489 893 4524 cons.
905 4487 961 4538 439.
1165 4468 1176 4499 ⁸
1193 4469 1297 4533 Dionys
1310 4468 1364 4520 Ecl.
1373 4469 1404 4520 de
1415 4471 1491 4536 Lege.
1504 4473 1540 4537 (p.
1555 4471 1639 4534 2326).

499 4563 508 4590 ⁹
525 4561 580 4610 Liu.
590 4574 612 4622 3.
624 4575 646 4608 c.
662 4569 705 4622 71:
723 4557 828 4621 Dionys.
841 4557 901 4606 Ant.
914 4555 957 4604 lib.
970 4554 995 4604 ii.
1008 4571 1032 4619 p.
1044 4553 1117 4604 2286.
1199 4551 1218 4582 ¹⁰
1234 4552 1289 4602 Liu.
1302 4551 1346 4603 lib.
1358 4553 1381 4602 8.
1393 4568 1415 4604 c.
1427 4568 1462 4604 ιο.
1547 4553 1565 4585 ¹¹
1581 4555 1661 4606 Thuc.
1673 4555 1716 4608 lib.
1729 4569 1750 4608 1.
1761 4573 1783 4609 c.
1796 4556 1836 4624 85.

535 4642 553 4671 ¹¹
569 4641 632 4691 Xen.
647 4655 668 4691 2.
680 4642 773 4705 Cyrop.
787 4655 808 4690 c.
821 4655 845 4702 ⁴·
913 4636 930 4668 ¹³
946 4637 1006 4688 Zon.
1018 4651 1044 4687 rr
1055 4635 1144 4686 Annal.
1160 4650 1180 4686 c.
1193 4649 1229 4698 ²3·
1306 4635 1324 4666 ¹⁴
1341 4635 1427 4700 Polyd.
1436 4635 1510 4702 Verg.
1523 4637 1589 4703 Aug.
1602 4636 1646 4686 lib.
1662 4653 1699 4698 no,
1712 4637 1806 4701 lib.13.

469 4774 633 4784 ——--..--.-.
649 4774 754 4780 -......-.-
771 4773 824 4778 --...
843 4773 868 4778 --
882 4773 887 4777 .
907 4769 1229 4777 ..-.--..--,--..ω--.--
1259 4771 1268 4774 -
1281 4767 1441 4776 ---..--·--—-
1453 4768 1653 4776 ...........................
1663 4770 1864 4780 --..——-
