4498 5566
479 728 499 788 6
921 727 922 732 ¹
967 729 1170 790 ALBERICI
1198 735 1398 790 GENTILIS

480 981 667 1046 huiusmodi
706 979 886 1062 disputatio
905 988 978 1042 est.
1036 978 1134 1061 ‘Ipso
1168 979 1283 1043 auditu
1317 979 1456 1056 horre03
1496 987 1530 1042 et
1568 977 1675 1060 ipsum
1713 957 1885 1042 horrorem¹

481 1098 586 1176 ‘puto
604 1091 752 1155 sufficere
774 1092 817 1156 ad
840 1090 1076 1168 refellendum3
1104 1099 1147 1167 et,
1163 1092 1190 1154 si
1208 1111 1275 1154 non
1291 1090 1527 1172 comprimitur,
1543 1089 1747 1154 conuincitur
1769 1099 1880 1154 tamen

481 1204 661 1282 ‘audacia’
690 1215 751 1269 etc.
780 1204 827 1268 ait
859 1203 1045 1267 Bernardus
1055 1200 1075 1263 ¹.
1138 1201 1173 1267 Si
1205 1203 1279 1284 quis
1308 1221 1441 1266 sensum
1473 1222 1537 1266 non
1568 1199 1679 1279 habet,
1709 1210 1766 1265 aut
1797 1200 1882 1264 ludit

480 1317 638 1381 aduersus
666 1336 808 1395 sensum,
838 1326 871 1380 et
900 1317 1009 1379 niuem
1042 1325 1141 1398 neget
1172 1315 1292 1393 albam,
1322 1314 1503 1378 contendat
1536 1322 1663 1378 atram:
1704 1332 1763 1376 nos
1801 1313 1880 1394 quid

480 1429 660 1494 iaciemus?
707 1429 796 1492 ‘Risi
818 1429 928 1493 niuem
951 1427 1076 1504 atram,’
1096 1428 1184 1491 idem
1207 1427 1412 1511 responderit
1436 1426 1552 1490 Cicero
1561 1424 1583 1489 ².
1629 1424 1880 1489 Prouocandum

480 1550 530 1605 est
556 1543 599 1606 ad
625 1560 757 1606 sensus:
797 1542 921 1606 iudices
952 1540 1025 1604 illos
1058 1549 1250 1604 communes
1259 1539 1281 1604 ³.
1309 1549 1342 1603 et
1370 1540 1455 1604 male
1481 1538 1526 1602 illi
1554 1541 1581 1604 si
1607 1538 1741 1615 habent,
1767 1538 1881 1621 appel-

480 1653 602 1718 labitur
629 1656 661 1717 in
691 1664 831 1736 tempus,
857 1672 960 1735 quum
991 1651 1163 1715 habebunt
1192 1651 1286 1716 bene.
1341 1650 1432 1734 Quid
1462 1648 1586 1715 facies?
1630 1649 1687 1714 Ad
1726 1660 1881 1726 mentem,

480 1787 565 1848 quae
594 1767 680 1830 bene
713 1767 764 1845 sit,
797 1773 1001 1847 prouocatur.
1055 1763 1168 1826 Etiam
1200 1783 1286 1845 quae
1323 1764 1511 1826 certissimis
1543 1761 1881 1827 demonstrationibus

480 1879 707 1956 ostenduntur,
734 1877 760 1940 si
787 1883 956 1958 negentur,
980 1875 1060 1957 quid
1087 1872 1232 1938 iacies4?
1277 1875 1437 1957 Epicurus
1459 1875 1563 1938 solem
1586 1874 1699 1958 palmo
1721 1874 1879 1937 maiorem

480 2002 589 2076 negat.
615 1992 649 2056 id
682 2011 787 2074 genus
815 1991 880 2054 alia
905 1990 960 2054 alii
994 1989 1117 2053 dicunt.
1178 1987 1281 2053 Nihili
1316 1989 1369 2053 isti
1401 1999 1486 2053 sunt.
1548 1989 1630 2053 Illae
1661 1990 1880 2053 dissensiones

480 2105 743 2169 doctissimorum
767 2111 952 2166 nostrorum
976 2100 1111 2165 turbant
1135 2102 1250 2184 magis.
1290 2120 1403 2165 uerum
1426 2110 1460 2165 et
1483 2102 1544 2184 ipsi
1568 2102 1698 2165 suerunt
1720 2101 1879 2176 homines,

480 2217 549 2281 nati
572 2236 686 2295 errare,
704 2235 743 2280 ac
766 2215 948 2280 dissentire.
996 2214 1041 2278 Et
1062 2233 1253 2297 quanquam
1276 2214 1326 2277 ius
1349 2214 1497 2296 gentium
1522 2215 1682 2297 particula
1704 2223 1755 2279 est
1778 2215 1880 2279 diuini

479 2330 566 2406 iuris,
583 2349 684 2411 quam
704 2329 797 2392 Deus
820 2327 915 2391 nobis
938 2336 1014 2409 post
1036 2335 1209 2409 peccatum
1233 2325 1392 2408 reliquam
1414 2325 1512 2403 sccit;
1542 2346 1616 2390 earn
1639 2337 1751 2390 tamen
1771 2326 1879 2392 lucem

480 2441 698 2523 conspicimus
721 2441 807 2506 inter
828 2440 981 2504 tenebras
1005 2438 1148 2518 multas;
1179 2449 1212 2502 et
1236 2459 1342 2502 errore
1365 2439 1488 2520 itaque,
1510 2459 1614 2520 praua
1637 2440 1881 2519 consuetudine,

480 2555 670 2636 pertinacia,
701 2554 766 2619 alio
798 2553 918 2618 affectu
956 2553 1165 2617 tenebrarum
1202 2573 1302 2634 saepe
1334 2572 1401 2616 non
1431 2551 1578 2616 valemus
1610 2572 1798 2636 agnoscere.
1844 2563 1881 2617 ut

481 2667 541 2729 uiri
560 2666 767 2748 explicarunt
786 2666 994 2749 sapientes⁶s
1025 2676 1059 2729 et
1074 2685 1135 2729 nos
1149 2665 1363 2729 dissentiendi
1386 2665 1532 2728 studium
1557 2665 1825 2730 Proculianorum
1849 2675 1882 2731 et

482 2771 737 2837 Sabinianorum
764 2775 988 2855 cognouimus.
1043 2773 1111 2838 Sed
1136 2793 1202 2836 non
1224 2781 1399 2855 propterea
1426 2775 1515 2854 quod
1544 2773 1625 2838 latet
1651 2775 1685 2838 in
1710 2774 1882 2857 profundo,

480 2885 600 2951 veritas
623 2885 712 2950 nulla
731 2894 802 2950 est:
833 2895 890 2950 aut
912 2886 1062 2968 quaesita
1084 2886 1268 2968 diligenter,
1284 2895 1318 2949 et
1341 2885 1489 2964 fideliter,
1504 2905 1572 2949 non
1594 2886 1689 2951 educi
1712 2897 1832 2970 potest,
1848 2897 1881 2951 et

481 3019 547 3064 non
570 3001 690 3065 educta
711 3000 901 3083 saepissime
919 3008 978 3063 est.
1036 2999 1142 3062 Nobis
1165 2998 1323 3080 praebent
1347 2999 1487 3062 multum
1510 2999 1642 3063 luminis
1665 3000 1881 3078 definitiones,

481 3133 563 3196 quas
583 3113 783 3177 unanimiter
802 3112 938 3176 tradunt
957 3113 1001 3175 ad
1018 3112 1068 3175 ius
1088 3110 1160 3190 hoc,
1175 3112 1265 3194 quod
1280 3112 1467 3194 quaerimus
1487 3113 1647 3195 gentium,
1663 3124 1813 3178 auctores
1834 3114 1880 3177 illi

481 3228 592 3309 legum
611 3235 805 3302 nostrarum,
822 3235 855 3289 et
874 3225 1070 3289 conditores.
1114 3224 1221 3288 Aiunt
1241 3234 1364 3303 autem,
1379 3227 1429 3288 ius
1448 3247 1519 3289 esse
1539 3227 1697 3309 gentium,
1712 3248 1778 3310 quo
1801 3249 1881 3309 gen-

480 3350 531 3403 tes
546 3338 713 3403 humanae
733 3346 889 3401 utuntur:
914 3337 1004 3419 quod
1026 3336 1183 3400 naturalis
1200 3337 1283 3400 ratio
1302 3337 1388 3401 inter
1402 3357 1518 3402 omnes
1533 3338 1684 3403 homines
1702 3341 1883 3418 constituit,

481 3464 514 3518 et
538 3453 626 3536 apud
650 3471 766 3516 omnes
785 3470 949 3533 peraeque
970 3448 1161 3514 custoditur.
1207 3448 1282 3513 Hoc
1305 3449 1355 3512 ius
1377 3458 1515 3514 naturae
1541 3452 1620 3516 estss.
1667 3453 1725 3515 ‘In
1750 3473 1784 3517 re
1805 3472 1883 3518 con-

481 3571 489 3598 ‘
505 3565 614 3629 sensio
628 3563 777 3629 omnium
792 3561 941 3645 gentium
956 3561 1014 3625 lex
1027 3569 1164 3626 naturae
1176 3561 1325 3643 putanda
1337 3560 1426 3626 est⁷.’
1459 3561 1575 3645 Atque
1591 3564 1653 3627 ista
1669 3585 1735 3628 non
1746 3566 1793 3630 sic
1805 3574 1883 3629 sunt

482 3678 651 3760 capienda,
667 3676 760 3760 quasi
783 3676 997 3740 conuenerint
1020 3695 1166 3756 unquam
1189 3684 1305 3758 gentes
1323 3696 1446 3754 omnes,
1463 3686 1497 3741 et
1513 3677 1562 3740 ius
1584 3677 1671 3741 istud
1692 3679 1738 3743 sic
1761 3681 1882 3744 consti·

481 3791 612 3856 tuerint.
658 3790 736 3854 Non
756 3790 802 3855 sic
816 3789 951 3868 dicunt.-
996 3788 1074 3851 Non
1090 3807 1223 3853 necesse
1241 3797 1300 3867 est,
1321 3789 1367 3853 sic
1383 3809 1501 3871 capere
1517 3790 1662 3870 uerbum,
1678 3789 1829 3871 ‘omnes’
1845 3801 1881 3857 ut

480 3903 524 3966 de
538 3902 686 3966 omnium
709 3921 778 3979 usu,
793 3922 896 3984 quum
919 3901 1045 3980 dicitur,
1063 3901 1163 3966 etiam
1185 3902 1229 3966 de
1249 3901 1404 3965 omnibus
1426 3903 1561 3966 omnino
1583 3905 1738 3987 gentibus
1761 3905 1881 3970 intelli·

480 4026 584 4100 gatur,
600 4037 685 4098 quae
707 4035 844 4081 numero
867 4016 1064 4095 innumerae,
1087 4015 1275 4099 regionibus
1297 4016 1496 4082 immensum
1520 4017 1711 4097 disiunctae,
1736 4017 1882 4084 moribus

480 4149 630 4214 prorsum
652 4130 884 4213 discrepantes,
903 4129 1023 4212 linguis
1037 4131 1134 4194 variis
1152 4139 1323 4196 manerent
1339 4129 1569 4214 incognitae⁸:
1594 4132 1672 4195 Non
1687 4142 1721 4196 te
1736 4132 1882 4216 decipiat

481 4242 727 4308 iurisconsultus
752 4263 892 4327 magnus
916 4243 1016 4327 Hugo
1041 4243 1240 4308 Donellus⁹:
1286 4245 1342 4325 qui
1365 4225 1576 4308 definitiones
1603 4245 1648 4308 sic
1671 4245 1811 4325 accipit:
1846 4254 1881 4307 et

528 4474 626 4526 ¹Bern.
639 4476 719 4542 Epist.
734 4489 788 4540 190.
853 4473 933 4524 ²Cic.
947 4489 968 4523 a.
980 4475 1013 4524 ad
1025 4475 1057 4537 Q.
1069 4474 1099 4524 ir.
1110 4489 1201 4539 epra.
1267 4476 1371 4526 ’Arist
1386 4477 1520 4526 1.To.11.
1585 4475 1650 4526 ⁴Cl.
1663 4475 1735 4525 Alex.
1748 4475 1796 4526 Str.
1811 4487 1832 4539 7.

480 4559 491 4590 ⁵
507 4559 582 4625 Aqui.
592 4575 613 4610 1.
627 4574 648 4610 a.
660 4577 684 4625 q.
696 4575 736 4625 94.
749 4575 775 4615 a:
793 4557 868 4622 Greg.
879 4556 935 4606 Val.
947 4557 1010 4622 disp.
1022 4567 1042 4618 7.
1053 4572 1076 4621 q.
1090 4572 1195 4621 4punc.
1210 4571 1232 4604 a.
1265 4557 1275 4586 ⁸
1292 4557 1308 4606 l.
1321 4571 1343 4606 1.
1354 4573 1378 4622 9.
1389 4559 1420 4608 de
1432 4557 1510 4608 iuuit.
1521 4563 1546 4606 et
1558 4557 1602 4606 iur.
1613 4557 1657 4620 (D.
1669 4573 1688 4606 1.
1699 4561 1738 4622 1);
1755 4561 1817 4610 Inst.
1828 4575 1848 4610 1.
1859 4576 1880 4612 π.

593 4643 603 4674 ¹
621 4645 675 4696 Cic.
689 4659 698 4693 1
715 4643 789 4693 Tusc.
805 4656 842 4704 13.
908 4641 918 4668 ⁸
935 4639 989 4690 Bal.
1001 4640 1019 4688 l.
1034 4653 1054 4688 1.
1067 4639 1098 4690 C.
1109 4640 1141 4689 de
1152 4645 1251 4689 testam.
1265 4637 1299 4703 (6.
1315 4641 1364 4702 23.)
1431 4641 1440 4670 ⁹
1457 4640 1525 4690 Don.
1543 4655 1563 4690 1.
1578 4641 1675 4691 Comm.
1688 4642 1733 4692 iur.
1745 4643 1769 4693 6.
