4498 5566
475 673 515 738 18
959 682 1160 737 ALBERICI
1187 680 1387 735 GENTILJS

464 918 735 1003 ,Corcyrensibus
747 917 955 1001 responsum1
970 918 1156 1000 accepimus
1168 915 1425 1001 prouocantibus
1436 916 1478 980 ad
1491 916 1647 980 inermem
1661 915 1873 998 disceptatio·

476 1053 562 1110 nem,
578 1041 738 1114 occupata
753 1031 876 1094 dimitti
897 1032 985 1112 prius
1008 1040 1169 1113 oportere.
1199 1039 1354 1112 expectat
1378 1028 1465 1092 enim
1482 1028 1636 1092 iudicium
1652 1027 1698 1092 ¹de
1716 1037 1798 1106 tuto,
1816 1027 1872 1110 qui

477 1142 634 1227 possidet.
681 1141 757 1224 Ipse
776 1133 835 1206 'rex
857 1142 1077 1224 respondebat
1098 1161 1164 1206 non
1184 1141 1284 1223 longe
1299 1141 1384 1218 hinc,
1401 1139 1488 1203 nolle
1504 1160 1540 1202 se
1554 1140 1597 1202 ab
1612 1139 1711 1203 armis
1727 1160 1871 1204 cessare:

476 1274 553 1317 nam
582 1262 715 1336 tempus
738 1252 867 1316 interim
892 1253 1073 1317 elaberetur
1096 1254 1318 1330 commodum,
1341 1252 1430 1335 quod
1455 1261 1526 1314 tum
1553 1251 1587 1314 in
1612 1251 1763 1314 manibus
1787 1259 1873 1315 esset

477 1364 573 1428 rebus
591 1363 737 1446 agendis,
784 1362 861 1426 Non
884 1364 930 1426 sic
949 1372 999 1428 est
1018 1363 1102 1427 inter
1124 1365 1222 1428 ciues.
1250 1373 1286 1428 at
1304 1361 1468 1445 possessio
1490 1361 1580 1423 omni
1600 1372 1747 1425 seruatur
1769 1362 1872 1443 possi·

477 1473 577 1554 denti,
592 1475 697 1538 donec
718 1475 761 1537 de
784 1494 818 1537 re
841 1473 951 1538 uincat
972 1474 1064 1549 alius,
1081 1484 1114 1537 et
1129 1475 1172 1538 de
1188 1473 1404 1556 possessione.
1449 1471 1569 1554 Neque
1589 1472 1676 1534 enim
1692 1473 1872 1536 uerendum

477 1595 535 1664 est,
545 1585 622 1668 quin
638 1584 737 1649 iaciat
752 1584 975 1647 conditionem
992 1584 1161 1648 meliorem
1177 1605 1270 1648 suam
1287 1605 1306 1646 a
1322 1592 1439 1665 coepta
1456 1583 1531 1646 lite:
1549 1592 1582 1646 et
1594 1583 1672 1665 quin
1689 1603 1753 1646 non
1769 1583 1874 1666 possit

477 1717 608 1779 semper
622 1697 664 1759 de
679 1694 886 1778 possessione
905 1695 1023 1759 deduci
1039 1717 1059 1759 a
1076 1696 1278 1777 magistratu.
1324 1693 1450 1758 Uerum
1472 1693 1533 1768 hic,
1550 1693 1606 1777 qui
1627 1714 1764 1775 regnum
1784 1704 1875 1759 tene-

477 1810 535 1873 bat
549 1808 749 1886 Lusitaniae,
760 1807 930 1871 Antonius
945 1807 971 1871 si
988 1807 1020 1870 in
1037 1806 1250 1889 possessione,
1263 1805 1343 1870 dum
1359 1805 1498 1870 ciuiliter
1512 1807 1770 1884 contenderetur,
1783 1805 1874 1870 relic·

478 1930 532 1984 tus
553 1918 675 1998 luisset,
693 1919 781 1983 illinc
801 1917 948 1982 deiectus
968 1927 1085 2002 postea
1108 1935 1277 1999 nunquam
1300 1917 1422 1980 suisset.
1466 1916 1582 1999 Atque
1602 1916 1792 1980 similimum
1817 1925 1875 1996 est,

478 2032 568 2114 quod
591 2030 726 2095 tradunt
743 2029 922 2111 Iurisperiti
932 2027 953 2106 ²,
970 2047 1034 2092 non
1056 2049 1128 2092 esse
1149 2027 1328 2111 spoliatum
1352 2027 1590 2094 restituendum
1608 2036 1686 2091 ante
1704 2027 1824 2107 omnia,
1839 2037 1875 2091 ut

480 2149 530 2207 est
551 2141 662 2223 regula
680 2139 910 2204 fundatissima
928 2147 1051 2218 tamen,
1067 2140 1094 2202 si
1110 2139 1196 2203 sacta
1216 2138 1421 2203 restitutione
1437 2147 1522 2201 esset
1537 2139 1658 2202 deinde
1674 2138 1875 2220 recuperatio

479 2252 667 2330 difficilima,
683 2260 715 2315 et
731 2250 834 2314 ferme
849 2249 1068 2333 impossibilis.
1115 2248 1250 2313 Etenim
1267 2250 1322 2313 ubi
1339 2261 1387 2314 est
1403 2251 1561 2313 damnum
1578 2249 1794 2332 irreparabile,
1810 2269 1875 2312 non

479 2365 531 2430 ius
546 2362 721 2444 sequimur.
768 2362 813 2426 Et
828 2362 911 2425 sorte
927 2361 1027 2425 etiam
1045 2381 1152 2443 neque
1168 2361 1321 2443 componi
1342 2361 1450 2424 uerbis
1471 2369 1543 2424 tum
1567 2369 1676 2443 potest
1697 2380 1755 2439 res,
1773 2380 1875 2443 quum

480 2494 540 2538 nec
557 2473 665 2537 uerbis
685 2473 785 2537 laesio
801 2473 915 2555 praeit.
946 2482 982 2535 ut
1003 2473 1048 2535 sic
1064 2471 1269 2536 Archidamo
1290 2490 1483 2553 responsum
1505 2470 1574 2549 luit,
1589 2472 1688 2535 armis
1710 2471 1877 2535 uindican-

481 2585 554 2659 dos,
576 2582 632 2666 qui
655 2583 735 2646 laesi
754 2584 861 2646 uerbis
884 2603 949 2646 non
973 2594 1091 2648 essent
1136 2582 1187 2646 At
1210 2582 1264 2646 hic
1289 2590 1400 2646 tamen
1424 2582 1530 2646 uerius
1553 2593 1666 2648 contra
1689 2591 1759 2647 est:
1789 2583 1876 2647 sacta

470 2692 583 2774 ,deleri
606 2693 714 2756 uerbis
736 2701 893 2776 possunt:
919 2692 1076 2773 salsaque,
1098 2703 1131 2756 et
1154 2693 1358 2756 detestabilis
1381 2695 1470 2775 prior
1490 2693 1610 2775 opinio,
1634 2705 1667 2758 et
1691 2692 1779 2775 uulgi
1798 2692 1876 2757 est⁸.

483 2805 529 2868 Et
556 2825 595 2868 ea
621 2825 750 2886 quoque
778 2823 837 2866 nec
864 2804 1041 2884 respondet
1067 2801 1250 2884 quaestioni
1281 2811 1410 2866 nostrae
1439 2805 1618 2885 responsio.
1671 2805 1723 2867 De
1753 2805 1878 2867 ratione

482 2913 687 2996 disceptandi
702 2913 888 2998 quaerimus
904 2934 972 2991 nos,
988 2933 1054 2976 non
1069 2912 1112 2975 de
1127 2912 1324 2990 uindicandi,
1340 2921 1373 2976 et
1388 2914 1553 2996 puniendi.
1592 2913 1877 2996 Disceptationem

483 3025 608 3108 absque
624 3027 656 3088 ui
673 3026 917 3089 desideramus:
941 3024 996 3087 ubi
1020 3025 1141 3087 iustam
1165 3025 1271 3089 serant
1293 3026 1374 3089 aditi
1393 3025 1505 3089 arbitri
1528 3027 1748 3090 sententiam:
1773 3035 1805 3090 et
1829 3025 1877 3089 in-

483 3139 650 3215 damnent,
673 3137 762 3219 quod
786 3135 862 3198 iuris
881 3157 953 3199 esse
976 3136 1169 3200 censuerint.
1216 3135 1327 3220 Quum
1352 3137 1383 3199 in
1407 3157 1476 3216 nos,
1499 3137 1552 3201 uel
1575 3138 1607 3200 in
1627 3147 1757 3201 nostros
1778 3139 1878 3200 armis

483 3250 599 3332 agitur,
614 3248 828 3330 disputationi
847 3246 937 3310 locus
954 3245 1094 3310 iudiciali
1111 3269 1176 3311 non
1193 3246 1299 3312 suerit.
1329 3248 1501 3331 indignum
1517 3249 1672 3313 iudicium
1690 3249 1877 3312 huiusmodi

484 3359 603 3423 dicitur
617 3358 706 3441 apud
721 3357 963 3440 Thucydidem.
1009 3357 1123 3439 Atque
1140 3359 1184 3421 ita
1200 3379 1333 3422 caussae
1348 3360 1432 3424 aliae
1445 3380 1516 3424 esse
1532 3369 1678 3442 possunt,
1696 3378 1753 3423 cur
1767 3379 1878 3422 neces-

484 3471 569 3534 sario
591 3470 633 3533 ad
657 3469 734 3545 uim,
749 3479 782 3532 et
804 3489 897 3531 arma
919 3469 1154 3531 descendatur:
1181 3479 1215 3532 et
1237 3480 1376 3551 possunt
1398 3470 1481 3534 aliae
1504 3491 1584 3548 esse,
1602 3491 1659 3535 cur
1680 3471 1879 3534 descendere

483 3581 527 3644 ad
558 3601 650 3643 arma
682 3579 816 3642 minime
846 3599 979 3642 necesse
1008 3578 1062 3642 sit.
1109 3577 1294 3644 Sexcentas
1323 3581 1368 3644 ait
1398 3581 1558 3661 Alciatus,
1585 3601 1642 3644 cur
1671 3581 1782 3644 uenire
1812 3600 1878 3644 uon

484 3700 637 3776 oporteat
659 3692 702 3755 ad
723 3689 891 3754 duellum:
923 3697 956 3753 et
976 3690 1136 3772 quasdam
1161 3692 1260 3754 etiam
1280 3693 1436 3775 exprimit
1446 3691 1467 3758 ⁴.
1512 3692 1608 3774 Quae
1631 3713 1748 3756 causae
1770 3693 1878 3774 legem

483 3802 574 3868 illam
591 3823 649 3886 per
665 3801 781 3866 Italiae
798 3799 982 3883 municipia,
994 3810 1031 3864 ut
1046 3803 1294 3882 controuersiae,
1311 3824 1396 3885 quae
1412 3803 1496 3868 inter
1511 3804 1708 3868 necessarios
1723 3805 1880 3880 oriuntur,

483 3915 526 3979 ad
543 3915 681 3979 arbitros
696 3913 892 3996 deferantur,
909 3913 1076 3996 effugiunt,
1091 3933 1151 3977 eae
1165 3914 1285 3979 facient
1305 3915 1406 3979 ethic
1425 3936 1532 3998 saepe,
1548 3924 1585 3980 ut
1600 3916 1643 3979 ad
1658 3916 1798 3979 arbitros
1814 3934 1879 3978 non

484 4037 587 4092 eatur.
632 4026 677 4091 Et
692 4025 745 4089 hic
760 4034 878 4108 potens
893 4023 950 4089 illa
965 4035 1022 4104 est,
1038 4027 1128 4108 quod
1143 4027 1251 4090 caueri
1267 4027 1347 4089 satis
1365 4047 1432 4090 non
1453 4028 1558 4109 possit
1579 4028 1622 4091 de
1643 4027 1880 4095 sententiarum

484 4137 690 4202 executione.
734 4137 818 4220 Quis
841 4137 1034 4201 alterutrum
1058 4146 1156 4219 coget
1179 4146 1336 4216 nostrum,
1352 4137 1407 4220 qui
1428 4137 1599 4202 conuentis
1615 4147 1703 4203 stare
1719 4136 1881 4202 noluerit?

485 4248 617 4312 dicebat
633 4248 807 4329 Augustus
823 4248 981 4312 Antonio,
1028 4248 1074 4312 Et
1088 4248 1171 4312 haec
1186 4259 1298 4313 tamen
1315 4270 1428 4314 caussa
1444 4270 1510 4312 non
1526 4260 1645 4332 potens
1667 4261 1717 4315 est
1736 4252 1817 4315 sola.
1845 4261 1881 4316 ut

490 4413 753 4422 ....——---——

682 4504 690 4534 ¹
708 4503 787 4554 Thuc.
800 4504 844 4554 lib.
858 4517 878 4554 1.
891 4521 913 4554 c.
927 4504 964 4553 18.
1107 4504 1116 4533 ¹
1133 4505 1189 4556 Alc.
1203 4521 1224 4568 5.
1237 4521 1303 4556 cons.
1318 4519 1372 4568 132.
1387 4507 1441 4570 136.
1453 4517 1478 4558 et
1490 4508 1533 4559 lib.
1545 4509 1568 4560 6.
1580 4526 1648 4561 cons.
1663 4521 1684 4574 7.

570 4585 580 4617 ³
596 4582 653 4637 Alc.
664 4585 696 4636 de
707 4585 757 4638 Sin.
770 4586 826 4636 Cer.
837 4598 850 4649 5
858 4599 865 4642 ;
883 4585 961 4635 Arist.
975 4599 996 4636 a.
1010 4583 1059 4635 Rh.
1071 4601 1092 4635 c.
1106 4599 1127 4636 a.
1302 4587 1311 4617 ⁶
1327 4589 1382 4639 Alc.
1395 4591 1427 4641 de
1437 4591 1488 4642 Sin.
1500 4591 1555 4641 Cer.
1568 4609 1589 4642 c.
1604 4594 1642 4642 28.
1653 4600 1678 4642 et
1689 4591 1802 4659 praeced.
