4522 5570
485 746 526 830 98
971 762 1173 815 Araanrcr
1203 761 1402 815 casurum

485 1017 626 1078 augere:
657 1000 756 1062 etiarn
781 1021 879 1082 quam
907 1001 1018 1064 omnia
1042 1002 1250 1065 incommoda
1276 1002 1392 1079 subire,
1412 1000 1464 1063 uel
1488 1011 1635 1074 externa,
1655 997 1707 1061 uel
1731 999 1883 1081 corporis,

486 1108 539 1170 uel
563 1109 663 1172 etiam
688 1111 789 1192 ipsius
815 1113 924 1191 animi,
947 1133 1033 1195 quae
1055 1114 1212 1177 iniustitia
1235 1123 1362 1176 uacent.
1405 1133 1476 1175 esse
1499 1112 1599 1174 etiarn
1623 1131 1707 1192 quae
1730 1130 1789 1191 pro
1811 1109 1884 1172 aliis

485 1218 593 1283 iacere
608 1220 726 1300 liceret,
739 1223 827 1286 nullo
841 1225 940 1287 modo
953 1245 1011 1306 pro
1025 1226 1118 1288 nobis
1135 1226 1214 1306 ipsis
1224 1223 1243 1288 ¹.
1280 1225 1330 1286 Ea
1343 1223 1523 1305 disputatio
1537 1223 1603 1285 lata
1619 1242 1678 1285 nec
1691 1223 1884 1284 aduersatur

487 1331 596 1394 nobis:
620 1333 675 1414 qui
698 1333 761 1396 hoc
783 1335 990 1398 defendimus
1013 1357 1088 1399 cum
1112 1338 1228 1400 eodem
1252 1346 1394 1414 auctore,
1410 1337 1456 1398 sic
1480 1336 1575 1398 licere
1597 1344 1710 1397 tamen
1734 1332 1776 1395 de
1794 1352 1883 1396 corn-

486 1445 592 1506 modis
610 1444 782 1509 detrahere
799 1446 921 1524 alienis,
937 1449 964 1510 si
981 1449 1104 1511 utilitas
1126 1449 1228 1511 multa
1248 1447 1453 1530 reipublicae,
1469 1455 1570 1528 atque
1591 1445 1761 1507 bominum
1781 1445 1884 1507 socie·

484 1555 545 1616 tati
568 1557 722 1636 pariatur.
769 1557 867 1639 Quod
892 1559 978 1620 enim
1002 1559 1116 1622 inutile
1140 1559 1337 1640 reipublicae
1360 1560 1411 1635 sit,
1431 1558 1463 1620 id
1488 1558 1639 1637 cuiquam
1663 1555 1783 1618 ciuium
1804 1555 1883 1618 utile

485 1686 556 1728 esse
584 1671 648 1729 non
674 1669 787 1750 possit.
845 1669 1063 1752 Reponantur
1090 1670 1151 1748 hic,
1173 1691 1259 1753 quae
1285 1671 1328 1734 de
1355 1670 1512 1732 societate
1539 1667 1684 1731 diximus
1710 1666 1882 1729 hominum

484 1776 650 1841 latissime.
697 1779 743 1842 Et
760 1781 850 1861 quod
870 1782 923 1843 isti
942 1783 1092 1844 societati
1112 1782 1290 1845 consulitur
1310 1779 1475 1862 perualde,
1491 1779 1516 1842 si
1537 1779 1683 1841 medium
1705 1797 1770 1840 non
1792 1778 1883 1840 uelli-

445 1894 447 1898 '
483 1897 537 1950 tur
555 1887 597 1951 de
615 1888 738 1953 fornice
759 1911 887 1969 saxum,
904 1901 966 1955 etc.
1013 1891 1065 1954 Illi
1084 1893 1154 1974 ipsi,
1170 1891 1233 1970 alii,
1249 1893 1304 1972 qui
1326 1911 1411 1954 nunc
1435 1891 1544 1953 serunt
1561 1909 1669 1970 aegre,
1686 1889 1883 1952 commercia

483 1998 529 2062 sic
556 2000 706 2081 impediri
732 2002 803 2080 sibi,
820 2001 864 2065 illi
890 2003 1054 2066 abstinere
1081 2003 1284 2067 commerciis
1310 2002 1369 2078 his,
1393 2001 1438 2063 illi
1466 2001 1630 2082 prohiberi
1655 2000 1813 2063 deberent
1839 2000 1882 2062 ab

483 2112 563 2190 aliis,
590 2112 690 2175 etiam
717 2133 817 2195 quum
845 2114 1048 2196 negligerent
1076 2114 1178 2196 Angli
1207 2135 1284 2178 rem.
1340 2113 1471 2176 Placere
1498 2113 1559 2194 ipsi
1587 2113 1686 2175 etiam
1715 2109 1882 2174 Collatino

483 2223 637 2287 debuisse
659 2225 825 2288 innocenti
849 2225 985 2288 exilium
1008 2246 1113 2303 suum,
1132 2227 1220 2307 quod
1242 2226 1312 2287 urbi
1333 2224 1412 2287 utile
1433 2225 1539 2286 uisum
1562 2224 1631 2287 suit.
1678 2222 1808 2286 Placere
1830 2221 1882 2284 his

483 2335 719 2400 mercatoribus
743 2337 843 2401 debet
870 2338 1079 2401 interdictum
1107 2337 1168 2399 sibi
1192 2336 1434 2413 commercium,
1458 2334 1583 2398 lucrum
1610 2345 1769 2416 ereptum,
1791 2335 1880 2414 quod

482 2445 563 2510 utile
585 2456 699 2511 tantae
721 2449 807 2530 parti
831 2457 881 2511 est
904 2449 998 2526 orbis,
1016 2449 1083 2511 imo
1105 2449 1174 2510 orbi
1199 2450 1335 2512 omnino
1358 2448 1521 2509 uniuerso.
1566 2444 1724 2508 Tolerent
1747 2445 1780 2507 id
1805 2444 1881 2507 mali

481 2559 525 2621 ad
548 2566 689 2639 tempus.
736 2560 775 2622 id
799 2580 860 2623 nec
886 2569 936 2623 est
963 2561 1113 2641 impediri
1142 2561 1395 2623 commercium:
1426 2569 1461 2620 ut
1487 2578 1600 2638 neque,
1623 2576 1725 2638 quum
1753 2555 1813 2618 nisi
1838 2557 1882 2619 ad

482 2667 554 2732 loca
580 2669 691 2751 aliqua
720 2670 907 2752 impeditur.
964 2669 1122 2733 Tolerent
1153 2682 1278 2734 certum
1310 2689 1465 2751 praesens
1495 2668 1743 2730 incommodum
1774 2668 1882 2729 minus

482 2790 617 2861 propter
635 2781 739 2842 maius
758 2781 857 2843 etiam
878 2780 1036 2843 incertum
1055 2781 1212 2843 futurum.
1259 2780 1314 2844 Sic
1332 2791 1481 2842 auctores
1500 2779 1576 2840 iuris
1586 2778 1608 2840 ².
1655 2777 1755 2861 Quod
1771 2787 1882 2840 autem

482 2908 543 2969 pro
569 2888 690 2972 Anglis
716 2891 796 2967 dixi,
820 2892 908 2953 idem
936 2892 1009 2954 dico
1036 2901 1069 2953 et
1096 2900 1209 2955 contra
1237 2890 1376 2971 Anglos,
1398 2900 1431 2952 et
1459 2899 1571 2952 contra
1598 2889 1687 2966 alios,
1705 2890 1760 2970 qui
1788 2908 1882 2966 nunc,

482 2998 570 3062 bello
592 3000 732 3063 durante
755 3001 839 3062 inter
863 3001 1038 3065 Caesarem
1062 3011 1095 3064 et
1113 3000 1265 3078 Turcam,
1286 3002 1461 3064 commoda
1484 3000 1572 3063 bello
1595 3000 1637 3061 ad
1654 2998 1797 3062 Turcam
1820 2998 1882 3061 ser-

482 3119 564 3174 rent.
612 3110 731 3192 ‘Quod
747 3112 807 3173 tibi
824 3111 891 3174 fieri
910 3133 975 3176 non
992 3114 1049 3187 uis,
1066 3113 1158 3175 alteri
1176 3133 1217 3176 ne
1233 3112 1363 3176 leceris!
1407 3112 1523 3194 Atque
1538 3112 1580 3175 de
1596 3111 1647 3173 his
1661 3112 1829 3175 hactenus.

526 3202 648 3301 Quaeri
664 3231 775 3284 autern
789 3222 831 3283 de
843 3243 882 3284 eo
895 3241 980 3286 nunc
997 3231 1116 3305 potest,
1128 3224 1229 3305 ‘quod
1246 3225 1287 3286 sit
1300 3223 1422 3286 factum
1437 3222 1603 3304 publicum
1620 3232 1677 3286 aut
1694 3219 1882 3304 priuatum?

482 3329 573 3392 Nam
592 3330 749 3412 Polybius
768 3332 933 3412 publicam
949 3354 968 3395 a
986 3334 1113 3414 priuata
1132 3335 1247 3397 iniuria
1266 3335 1438 3415 distInguit
1459 3334 1685 3415 magnitudine
1697 3333 1718 3396 ³.
1765 3332 1882 3415 Hype-

483 3442 568 3504 rides
587 3452 710 3520 contra,
727 3463 761 3504 re
781 3463 891 3524 parua,
907 3443 1031 3507 triremi
1047 3466 1120 3522 una,
1140 3446 1309 3526 publicum
1327 3446 1451 3508 sactum
1472 3447 1606 3523 censuit,
1622 3447 1655 3508 in
1675 3446 1821 3508 oratione
1840 3446 1881 3508 de

481 3551 614 3616 foedere
636 3551 862 3617 Alexandreo
908 3554 1048 3618 Grauior
1070 3566 1119 3619 est
1142 3566 1254 3620 autern
1278 3557 1402 3630 iniuria,
1422 3577 1509 3638 quae
1532 3557 1568 3619 fit
1591 3577 1611 3618 a
1634 3556 1798 3638 pluribus:
1822 3557 1881 3618 sed
1967 3595 1970 3602 ι

481 3672 592 3726 tamen
612 3683 677 3725 non
697 3665 771 3726 ideo
792 3665 924 3746 publica
942 3677 992 3729 est
1002 3664 1023 3730 ⁴.
1069 3667 1184 3749 Atque
1205 3669 1251 3731 ita
1270 3669 1372 3731 nostri
1393 3669 1469 3730 iuris
1489 3669 1683 3748 interpretes
1703 3668 1829 3744 rectius,
1848 3677 1883 3730 et

482 3773 679 3855 explicatius
696 3776 825 3854 docent,
841 3777 964 3840 sactum
982 3799 1053 3842 esse
1072 3780 1250 3860 publicum,
1266 3781 1353 3862 quod
1371 3779 1588 3843 deliberatum
1605 3800 1624 3842 a
1640 3778 1786 3860 legitime
1804 3799 1882 3842 con-

480 3894 617 3966 gregata
633 3887 845 3950 uniuersitate
858 3898 908 3950 est
918 3888 941 3952 ⁵.
988 3890 1106 3972 Itaque
1122 3912 1188 3953 non
1206 3912 1277 3954 esse
1294 3891 1469 3971 publicum,
1481 3891 1570 3972 quod
1583 3889 1634 3952 uel
1650 3910 1670 3951 a
1688 3891 1881 3970 magistratu

480 3995 614 4073 sactum,
631 3997 685 4060 uel
709 3999 809 4061 etiam
832 4021 851 4062 a
875 4008 946 4064 toto
970 4002 1093 4083 populo
1117 4022 1174 4085 per
1196 4003 1338 4084 aliquem
1363 4021 1557 4064 concursum
1579 4001 1674 4063 aliter
1697 4011 1757 4064 est.
1803 4000 1882 4064 Ele·

479 4115 598 4187 ganter
620 4107 838 4190 Augustinus,
862 4110 985 4174 ‘Aliud
1011 4122 1068 4190 est,
1092 4115 1181 4195 quod
1207 4115 1239 4174 in
1266 4113 1390 4194 populo
1415 4113 1554 4194 quisque
1578 4112 1679 4174 habet
1707 4121 1881 4195 peccatum

480 4221 487 4247 ‘
503 4219 680 4299 proprium,
696 4220 795 4299 aliud,
810 4224 899 4304 quod
920 4244 1104 4301 commune,
1121 4224 1210 4305 quod
1227 4245 1292 4286 uno
1308 4224 1419 4286 animo
1439 4223 1484 4301 fit,
1501 4233 1534 4287 et
1550 4244 1615 4286 una
1631 4223 1805 4287 uoluntate
1823 4223 1881 4286 ali-

480 4329 583 4410 ‘quid
599 4329 809 4395 multitudine
826 4342 1015 4414 comparata
1031 4334 1256 4398 committitur.
1290 4335 1356 4398 Ubi
1376 4335 1525 4411 uniuersi,
1543 4335 1586 4397 ibi
1603 4345 1636 4398 et
1652 4334 1790 4417 singuli:
1815 4355 1880 4397 non

512 4551 592 4603 ¹Cie.
606 4568 629 4616 3.
640 4555 672 4603 de
683 4555 732 4605 off.
745 4554 768 4604 6.
864 4553 1210 4621 'Panor.c.17.deSpons.
1300 4559 1414 4622 ”Polyb
1427 4560 1470 4609 lib.
1483 4577 1506 4624 4.
1598 4559 1847 4621 ⁴Soc.1.c0ns.43.

531 4634 542 4664 ⁸
559 4637 619 4684 Pan.
631 4637 662 4684 de
674 4637 737 4686 Con.
745 4653 752 4693 ;
772 4636 838 4694 Bal.;
856 4636 929 4688 Alex.
941 4635 964 4686 6.
977 4652 1032 4687 eon.
1047 4651 1090 4698 13;
1109 4638 1165 4688 Fer.
1180 4653 1206 4696 2;
1225 4639 1288 4704 Eug.
1300 4640 1345 4698 863
1364 4641 1417 4690 Bal.
1432 4657 1452 4690 1.
1467 4645 1528 4705 ²833
1547 4642 1614 4704 Fely.
1627 4657 1648 4691 c.
1661 4641 1684 4691 6.
1696 4642 1727 4690 de
1738 4643 1825 4692 Coust.
