4522 5570
464 705 506 766 66
948 715 1150 770 ALBERICI
1178 717 1378 770 GENTILIS

465 958 521 1037 qui
539 957 664 1020 auxilia
682 959 791 1021 nescio
810 959 928 1040 quibus
947 970 1047 1040 negat
1065 959 1127 1023 hoc
1146 969 1330 1041 praetextu,
1348 957 1437 1040 quod
1456 955 1636 1019 alienarum
1658 975 1764 1018 rerum
1785 974 1862 1018 cura

465 1067 526 1129 sibi
551 1088 616 1130 non
635 1069 833 1143 conueniret,
854 1070 983 1151 probari
1008 1091 1073 1133 non
1096 1067 1236 1152 potest1.
1282 1069 1383 1152 ‘Quis
1406 1069 1493 1132 enim
1513 1077 1561 1131 est
1580 1068 1694 1145 bonuS,
1709 1067 1764 1148 qui
1783 1064 1862 1127 facit

465 1178 568 1242 ‘nihil
588 1179 648 1241 nisi
668 1200 725 1242 sua
744 1177 894 1242 caussa?'
918 1182 1036 1244 iterum
1058 1180 1173 1245 Cicero
1183 1179 1205 1244 ².
1252 1181 1297 1244 Et
1317 1181 1397 1244 Lazi
1417 1180 1484 1262 regi
1504 1179 1686 1253 Persarum,
1702 1198 1768 1240 non
1787 1196 1862 1239 eum

466 1299 640 1371 propterea
663 1311 734 1352 csse
757 1292 886 1367 iustum,
910 1293 998 1373 quod
1021 1295 1142 1357 faceret
1165 1293 1285 1356 iniuste
1309 1291 1397 1365 nihil,
1417 1291 1477 1354 nisi
1498 1301 1531 1354 et
1553 1291 1670 1352 iniuste
1688 1308 1863 1370 oppressos

465 1401 665 1479 defenderet,
688 1411 722 1465 et
742 1423 820 1464 uero
844 1404 889 1465 sic
913 1403 1038 1466 auxilia
1057 1415 1089 1466 et
1108 1406 1272 1467 exercitus
1291 1412 1404 1466 contra
1425 1403 1595 1464 Romanos
1614 1402 1832 1481 impetrarunt
1841 1398 1863 1460 ³.

466 1513 543 1574 Non
566 1513 672 1575 aliena
694 1513 819 1575 homini
839 1534 889 1576 res
904 1524 962 1591 est,
979 1514 1150 1578 hominum
1170 1515 1252 1578 tueri
1272 1535 1340 1576 rem
1357 1523 1390 1577 et
1408 1514 1560 1576 salutern.
1607 1512 1755 1574 Dixisset
1776 1510 1864 1572 idem

467 1622 592 1702 Cicer0,
614 1626 657 1688 ‘si
681 1645 747 1688 non
770 1625 922 1704 hominis,
946 1635 981 1689 at
1007 1626 1224 1689 humanitatis
1247 1627 1409 1688 rationem
1431 1623 1619 1687 haberet42'
1650 1643 1734 1704 quae
1760 1622 1863 1684 cuiuis

465 1733 591 1798 homini
615 1758 634 1798 a
657 1737 774 1818 quouis
799 1735 861 1800 hoc
885 1738 957 1818 ipso
980 1738 1126 1816 debetur,
1150 1759 1216 1820 quo
1242 1738 1391 1801 homines
1414 1757 1519 1819 aeque
1542 1745 1637 1798 sunt:
1669 1744 1702 1797 et
1724 1733 1863 1796 alterum

464 1846 558 1909 alteri
588 1848 772 1909 communis
794 1849 942 1909 omnium
967 1857 1071 1911 mater
1094 1858 1210 1911 natura
1233 1849 1377 1912 humana
1399 1846 1621 1913 commendat.
1677 1844 1784 1907 Multa
1811 1844 1864 1907 hic

465 1967 549 2020 sunt.
597 1958 718 2021 Nobile
742 1959 934 2041 exemplum
954 1960 1082 2023 barbari
1102 1963 1187 2042 regis
1205 1961 1423 2022 Mauritaniae
1443 1969 1511 2022 est:
1535 1960 1600 2040 qui,
1617 1978 1690 2021 cum
1710 1957 1863 2034 audisset,

464 2068 595 2132 hostem
614 2091 710 2132 suum
729 2070 916 2150 Alfonsum‚
934 2073 1098 2136 Castellae
1118 2093 1236 2155 regem,
1252 2073 1350 2135 armis
1370 2071 1427 2132 filii
1446 2072 1559 2153 premi,
1576 2079 1609 2133 et
1627 2069 1694 2131 fere
1712 2069 1863 2150 opprimi,

465 2181 634 2262 ingentem
657 2183 725 2244 auri
753 2184 883 2265 copiam
911 2185 998 2246 misit
1021 2185 1064 2247 ad
1087 2183 1274 2261 Alfonsum,
1294 2186 1363 2264 ipse
1386 2184 1484 2245 etiam
1508 2183 1541 2243 in
1566 2182 1765 2263 Hispaniam
1789 2201 1863 2243 cum

467 2313 587 2374 magna
614 2293 755 2357 militum
787 2316 886 2357 manu
910 2317 944 2358 se
968 2297 1103 2359 traiecit.
1143 2317 1210 2358 rem
1237 2295 1498 2376 indignissimam
1526 2312 1692 2370 accusans
1714 2301 1751 2354 ut
1778 2291 1864 2354 filius

466 2414 594 2485 patrem
626 2424 726 2487 regno
757 2405 902 2486 pelleret.
934 2408 1061 2470 addens
1085 2417 1205 2484 autern,
1224 2407 1361 2469 uictoria
1384 2413 1479 2487 parta
1501 2403 1644 2467 Alfonso
1665 2403 1810 2466 futurum
1829 2423 1865 2465 se

466 2517 585 2577 iterum
609 2516 716 2578 eidem
744 2517 874 2580 hostem
885 2517 907 2579 ⁵.
954 2516 1066 2600 Quid?
1121 2519 1237 2581 Metuo
1267 2517 1423 2580 barbaros
1444 2515 1621 2597 hostesque
1648 2524 1680 2578 et
1711 2515 1799 2577 dona
1821 2513 1836 2576 f
1853 2549 1865 2561 -

467 2625 597 2688 rentes?
641 2627 779 2689 Factum
803 2629 925 2691 inimici
944 2631 1048 2710 accipi
1064 2631 1096 2691 in
1116 2630 1238 2693 malam
1254 2627 1427 2711 partemll
1474 2627 1519 2690 Et
1539 2646 1651 2689 uerum
1670 2627 1716 2688 ait
1736 2625 1865 2690 Guicci-

467 2739 608 2814 ardinus,
625 2757 689 2798 non
708 2737 789 2800 haee
809 2738 878 2801 fieri
893 2760 913 2801 a
928 2761 1096 2822 quoquam
1111 2742 1238 2823 absque
1256 2761 1315 2823 spe
1331 2742 1467 2803 alicuius
1486 2737 1722 2801 emolumenti?
1768 2737 1866 2800 Guic-

467 2846 602 2909 ciardini
626 2848 749 2909 dictum
775 2849 979 2930 uituperatur
1000 2870 1020 2911 a
1043 2851 1144 2913 nobili
1169 2852 1374 2934 Montagneo
1397 2853 1428 2913 in
1454 2849 1618 2912 nobilibus
1638 2848 1701 2911 illis
1721 2849 1786 2912 suis
1803 2845 1866 2932 (di-

468 2976 540 3018 cam
561 2955 693 3042 Latine)
712 2959 956 3039 speciminibus
1012 2961 1122 3024 Mitto.
1178 2962 1319 3044 Quaem,
1338 2962 1416 3043 quid
1436 2961 1513 3023 iuris
1531 2961 1582 3023 sit.
1628 2959 1788 3042 Quaestio
1807 2968 1866 3037 est,

467 3068 493 3129 si
514 3067 581 3130 iure
597 3069 670 3150 quis
686 3079 824 3146 tenetur,
840 3069 941 3132 alium
964 3071 1140 3134 defendere
1159 3094 1259 3154 quum
1280 3082 1399 3154 potest.
1445 3071 1490 3134 Et
1509 3091 1630 3152 negare
1649 3071 1868 3133 communiter

469 3178 630 3242 uidentur.
677 3179 723 3242 Et
746 3181 793 3243 ait
813 3181 991 3262 aliquando
1015 3183 1078 3260 lex,
1106 3203 1166 3246 nos
1193 3183 1299 3245 aliena
1326 3183 1490 3264 negligere
1517 3183 1587 3244 sine
1614 3181 1710 3263 culpa
1737 3203 1834 3264 posse
1844 3182 1866 3247 ⁷.

469 3290 625 3353 Ceterum
645 3300 757 3354 nostra
779 3294 912 3373 propria
935 3295 1085 3374 quaestio
1109 3305 1168 3368 est,
1185 3296 1211 3356 si
1233 3296 1317 3357 iuste
1338 3295 1411 3374 quis
1435 3294 1538 3375 possit
1562 3293 1608 3356 sic
1630 3293 1732 3356 alium
1753 3293 1868 3357 defen·

469 3402 555 3464 dere.
600 3402 634 3463 in
663 3423 729 3483 qua
766 3423 864 3466 nemo
903 3415 1001 3486 negat
1032 3407 1151 3467 iustam
1184 3404 1442 3468 defensioneml.
1489 3405 1589 3467 etiam
1620 3426 1679 3486 pro
1717 3406 1866 3470 extranei

461 3511 658 3574 defensione
680 3512 757 3575 licet
780 3511 921 3576 alterum
944 3516 1101 3591 occidere,
1119 3517 1283 3579 sententia
1304 3516 1346 3578 ab
1365 3515 1517 3577 omnibus
1541 3516 1730 3578 doctoribus
1749 3518 1867 3599 adpro-

468 3621 556 3684 bata.
603 3621 716 3684 Etiam
740 3625 944 3706 adprobatur
967 3627 1113 3691 defensio
1137 3629 1206 3690 eius
1229 3627 1284 3708 qui
1308 3647 1343 3689 se
1366 3626 1543 3689 defendere
1562 3626 1707 3707 negligit,
1725 3629 1791 3691 imo
1810 3629 1868 3692 de-

468 3733 558 3796 fendi
576 3733 619 3796 ab
638 3733 703 3796 alio
723 3746 859 3813 recusat,
878 3739 947 3801 siue
967 3742 1167 3803 necessarius
1186 3739 1350 3817 defendat,
1370 3740 1438 3800 siue
1458 3737 1551 3813 aliuS,
1567 3738 1667 3800 etiam
1687 3739 1837 3803 inimicus
1846 3741 1867 3805 ⁹.

469 3843 515 3906 Et
541 3844 757 3908 humanitatis
784 3849 830 3911 sic
858 3850 941 3912 ratio
969 3851 1095 3915 dicitur.
1150 3851 1195 3914 Et
1223 3853 1269 3914 sic
1297 3849 1492 3914 beneficium
1519 3847 1655 3913 conferri
1686 3850 1719 3912 in
1746 3852 1867 3916 inuitos

468 3975 568 4037 saepe
576 3953 610 4019 ¹⁰.
657 3955 712 4020 Sic
728 3967 761 4021 et
776 3959 886 4039 plures
901 3961 986 4024 aliae
1002 3963 1210 4026 definitiones
1226 3972 1312 4026 sunt.

468 4243 567 4308 ¹Xiph.
582 4244 640 4292 Dio.
652 4243 693 4304 46.
726 4244 964 4306 'Cic.7.Fam.12.
998 4247 1123 4312 ’Procop
1137 4249 1284 4309 2.Pers.15.
1317 4247 1391 4297 ‘Cio
1403 4263 1449 4312 pro
1462 4247 1535 4310 Quin.
1547 4261 1585 4309 31.
1618 4248 1700 4296 ‘lust
1713 4246 1776 4297 Gen.
1789 4250 1833 4296 An.
1846 4261 1868 4309 3.

632 4324 710 4376 ο1.6,
722 4327 752 4376 de
764 4343 831 4376 excu.
844 4327 889 4390 (D.
904 4338 941 4389 27.
958 4330 992 4390 1).
1194 4328 1334 4378 ⁷l.21.de
1346 4329 1385 4378 he.
1398 4329 1444 4379 vel.
1458 4344 1494 4378 ac.
1507 4345 1543 4378 ve.
1558 4329 1603 4392 (D.
1618 4333 1654 4379 18.
1667 4333 1703 4392 4).
1750 4327 1754 4334 '

492 4407 502 4437 ⁸
519 4407 601 4456 Castr.
613 4407 630 4457 l.
646 4424 666 4458 1.
679 4408 709 4456 de
721 4409 776 4457 iust.
790 4409 834 4470 (D.
850 4423 870 4456 1.
885 4411 923 4470 1);
942 4409 982 4457 Al.
997 4421 1018 4473 7.
1033 4421 1070 4472 17.
1085 4421 1125 4472 27;
1143 4411 1209 4460 Clar.
1224 4416 1235 4469 ξ
1249 4410 1273 4458 fi.
1286 4427 1308 4474 q.
1322 4413 1361 4474 87.
1373 4421 1397 4460 et
1412 4417 1423 4470 ξ
1437 4411 1613 4472 homicidium
1632 4412 1693 4461 Dec.
1705 4428 1773 4461 cons.
1786 4411 1842 4473 678.

469 4486 479 4516 ⁹
495 4488 512 4536 l.
525 4488 549 4539 6.
561 4490 591 4538 de
603 4506 660 4554 app.
674 4491 719 4552 (D.
732 4505 770 4554 49.
784 4493 824 4553 5);
842 4490 888 4541 Ias.
901 4491 917 4539 l.
931 4506 953 4552 3.
965 4491 995 4541 de
1007 4491 1039 4540 iu.
1053 4492 1097 4554 rD.
1110 4493 1185 4554 5.1);
1205 4492 1267 4542 Dec.
1279 4509 1346 4542 cons.
1359 4492 1422 4556 691;
1440 4493 1519 4558 Ceph.
1534 4503 1596 4556 712;
1613 4493 1696 4544 Cuiac.
1712 4509 1749 4544 ao.
1762 4495 1816 4544 obs.
1830 4508 1868 4545 ιο.

468 4569 488 4599 ¹⁰
500 4568 516 4618 l.
529 4585 567 4634 39.
575 4571 606 4620 de
615 4587 651 4620 ne.
660 4587 698 4636 ge.
708 4572 752 4636 (D.
763 4586 784 4634 3.
795 4573 835 4635 5),
847 4571 864 4621 l.
875 4585 895 4621 1.
903 4587 969 4636 seqq.
978 4573 1008 4623 de
1015 4573 1058 4622 lib.
1066 4589 1103 4622 ca.
1112 4574 1157 4636 (D.
1165 4588 1205 4636 40.
1217 4576 1269 4638 12);
1282 4577 1339 4625 Cot.
1347 4591 1450 4626 memor.
1458 4591 1477 4625 s.
1487 4593 1510 4624 u.
1519 4575 1675 4633 beneficium
1688 4593 1709 4627 c.
1719 4575 1820 4626 11.dist.
1828 4590 1868 4641 45.
