4522 5570
700 704 760 758 DE
790 703 893 760 IURE
923 703 1058 770 BELLI,
1089 701 1168 755 LIB.
1193 700 1217 769 I,
1250 701 1338 755 CAP.
1361 699 1457 753 XXV.

374 959 407 1013 et
423 949 590 1012 uinculum
614 950 698 1013 inter
721 951 819 1026 ciues,
834 958 868 1012 et
890 949 941 1010 ius
958 947 1108 1030 gentium
1131 947 1216 1010 inter
1230 956 1356 1030 gentes,
1372 946 1431 1009 sed
1452 955 1486 1009 et
1506 943 1655 1008 naturale
1673 943 1780 1009 homi-

375 1083 454 1126 num
481 1063 565 1126 inter
586 1061 737 1125 homines
746 1059 768 1125 ¹.
814 1062 860 1124 Et
884 1059 987 1124 nostri
1011 1060 1125 1142 legum
1149 1059 1336 1124 conditores
1361 1078 1427 1121 non
1451 1057 1582 1121 luerunt
1607 1056 1781 1139 reprehen-

377 1175 496 1238 dendi:
512 1175 568 1256 qui
585 1175 635 1237 ius
650 1173 836 1237 definierint
853 1171 1009 1250 naturale,
1021 1172 1112 1254 quod
1128 1181 1246 1235 natura
1261 1171 1373 1234 omnia
1388 1170 1543 1232 animalia
1559 1170 1681 1234 docuit.
1707 1168 1782 1232 Etsi

376 1305 443 1350 non
466 1286 508 1350 sit
531 1294 643 1349 tamen
666 1286 726 1363 ius,
742 1263 780 1349 id
799 1293 849 1348 est
872 1283 1070 1362 communio,
1084 1282 1235 1346 homines
1258 1283 1344 1345 inter
1366 1290 1400 1344 et
1422 1281 1586 1345 animalia.
1632 1282 1721 1344 Nam
1745 1289 1782 1345 ut

377 1398 597 1461 omittamde
619 1398 688 1459 iure
712 1397 807 1460 nobis
829 1415 904 1460 cum
931 1396 1127 1458 animalibus
1151 1414 1328 1458 commune
1350 1394 1467 1471 dicere,
1485 1394 1528 1456 de
1549 1401 1662 1456 nostro
1685 1393 1719 1456 in
1743 1413 1783 1456 ea

377 1509 544 1573 dominio:
569 1517 657 1573 certe
672 1509 762 1590 quod
781 1517 831 1571 est
848 1493 997 1571 naturale
1019 1507 1203 1585 hominum,
1221 1507 1254 1570 id
1278 1526 1399 1588 negare
1421 1505 1507 1568 inter
1522 1504 1674 1567 homines
1693 1524 1783 1568 corn-

379 1640 479 1684 mune
510 1639 575 1683 non
602 1620 763 1683 ualemus.
811 1618 1071 1698 Matrimonium,
1094 1618 1273 1682 liberomm
1300 1616 1492 1699 procreati0,
1517 1616 1679 1694 educatio,
1705 1616 1783 1678 iuris
1814 1629 1816 1634 ·

379 1733 447 1796 eius
467 1741 527 1808 est,
550 1733 641 1813 quod
659 1731 701 1793 ab
720 1730 771 1794 his
789 1730 940 1808 laeditur,
959 1740 993 1793 et
1016 1730 1151 1812 quidem
1173 1728 1363 1793 hominibus
1385 1727 1548 1805 omnibus,
1566 1727 1686 1809 quibus
1706 1747 1781 1808 cog·

379 1844 448 1907 nati
479 1845 633 1925 sociique,
660 1853 796 1907 naturae
826 1843 1015 1924 eripiuntur.

424 1954 491 2019 Sed
523 1975 630 2036 neque
660 1963 894 2037 argumentum
930 1952 1153 2017 Couarruuiae
1187 1952 1364 2034 quicquam
1397 1961 1511 2015 contra
1544 1950 1655 2017 ualet:
1693 1953 1784 2034 quod

379 2067 406 2128 si
429 2065 553 2128 bellum
576 2065 685 2130 facere
714 2085 780 2156 non
806 2066 884 2130 licet
914 2075 1050 2147 propter
1072 2063 1293 2128 idololatriam
1325 2072 1359 2127 et
1388 2062 1642 2142 infidelitatem3
1677 2085 1784 2147 neque

379 2176 492 2240 licebit
529 2176 573 2239 ob
607 2177 679 2254 ista,
710 2198 796 2259 quae
829 2177 977 2240 enormia
1010 2184 1182 2258 patrentur
1218 2184 1332 2239 contra
1364 2174 1474 2258 legem
1489 2186 1650 2240 naturae.
1723 2176 1783 2239 Et·

380 2287 467 2349 enim
495 2296 552 2350 aut
579 2289 765 2368 argumenti
788 2308 896 2351 nexus
923 2296 981 2366 est,
1003 2288 1093 2370 quod
1117 2288 1143 2350 si
1171 2286 1339 2351 nonlicet
1363 2287 1489 2350 bellum
1515 2286 1622 2351 lacere
1648 2296 1783 2370 propter

380 2398 515 2461 crimina
549 2398 732 2476 atrociora;
778 2418 838 2462 nec
872 2399 969 2461 liceat
1003 2407 1139 2481 propter
1177 2400 1285 2461 minus
1322 2399 1456 2462 atrocia.
1487 2408 1546 2462 aut
1582 2408 1632 2462 est
1666 2419 1782 2478 nexus,

381 2510 470 2590 quod
501 2509 528 2571 si
559 2528 625 2572 non
654 2509 731 2573 licet
762 2519 898 2591 propter
919 2511 970 2573 ius
992 2510 1127 2593 aliquod
1149 2511 1182 2572 in
1206 2530 1271 2572 uno
1300 2509 1410 2591 aliquo
1433 2509 1569 2590 laesum,
1598 2530 1659 2574 nec
1686 2511 1783 2576 liceat

381 2630 522 2704 propter
553 2619 643 2683 idem
681 2620 808 2684 laesum
850 2621 883 2683 in
920 2621 986 2685 alio
1024 2623 1083 2685 ius.
1156 2619 1201 2685 Et
1234 2629 1375 2704 utroque
1414 2622 1514 2684 modo
1551 2621 1698 2686 solutum
1734 2633 1785 2687 est

379 2741 623 2815 argumentum,
653 2741 770 2796 neutro
793 2753 900 2798 nexus
923 2735 1033 2799 nectit.
1090 2733 1209 2815 Neque
1239 2733 1328 2796 enim
1359 2734 1524 2812 atrocitas
1554 2735 1626 2797 sed¹
1641 2733 1784 2817 qualitas

380 2845 524 2908 criminis
547 2852 695 2926 praestat
718 2843 817 2926 quale
843 2844 902 2906 ius.
950 2844 1151 2923 Idololatria,
1174 2843 1351 2908 infidelitas
1377 2864 1445 2908 non
1471 2854 1618 2927 praestat
1641 2846 1785 2910 diuortio

381 2976 541 3035 caussam,
572 2953 737 3038 praestat'
753 2954 912 3020 moechia.
943 2966 980 3019 ut
1007 2955 1084 3019 alibi
1114 2956 1259 3038 disputo
1306 2956 1351 3020 Et
1375 2957 1541 3040 religionis
1564 2958 1615 3020 ius
1641 2977 1707 3022 non
1735 2969 1785 3023 est

381 3069 470 3131 idern
489 3088 565 3132 curn
581 3069 650 3130 iure
675 3068 814 3130 aliarum
830 3088 959 3145 rerum3
983 3076 1019 3132 ut
1037 3077 1136 3131 antea
1155 3077 1206 3131 est
1221 3068 1427 3133 adnotatum.
1472 3068 1572 3133 Fides
1591 3079 1641 3134 est
1659 3073 1784 3135 donum

384 3181 448 3243 Dei
471 3179 636 3262 singulare
645 3178 667 3255 ²,
693 3188 727 3244 et
752 3178 903 3243 Christus
934 3179 1025 3244 Iesus
1054 3180 1210 3262 gentibus
1235 3180 1375 3245 stultitia
1407 3191 1480 3259 est;
1506 3190 1543 3244 at
1568 3180 1625 3244 illa
1648 3193 1785 3246 naturae

383 3302 461 3356 nota
479 3302 556 3355 sunt
575 3291 776 3355 naturaliter.
822 3290 936 3355 Etiam
955 3290 1069 3373 religio
1087 3291 1198 3374 aliqua
1216 3302 1265 3356 est
1280 3313 1301 3356 a
1316 3302 1442 3355 natura.
1489 3292 1534 3356 Et
1553 3315 1631 3376 ergo
1649 3295 1677 3358 si
1695 3294 1784 3358 athei

383 3404 483 3487 aliqui
507 3415 626 3483 essent,
649 3405 758 3466 omnis
788 3414 944 3486 expertes
970 3404 1145 3485 religionis,
1167 3405 1282 3483 bonae,
1306 3404 1421 3490 malae,
1444 3404 1568 3468 bellum
1592 3417 1705 3471 contra
1729 3429 1786 3472 eos

382 3536 514 3597 quoque
539 3516 663 3579 iustum
690 3515 793 3577 uideri
821 3515 942 3596 poterit
970 3515 1063 3595 quasi
1086 3523 1201 3578 contra
1221 3513 1314 3580 seras,
1346 3536 1412 3579 non
1437 3517 1524 3579 enim
1547 3519 1612 3581 dici
1634 3518 1785 3583 homines

385 3634 560 3702 merentur,
591 3626 647 3706 qui
678 3633 806 3688 exuunt
832 3634 983 3688 naturam
1013 3623 1194 3702 hominum,
1225 3634 1259 3688 et
1289 3625 1353 3689 dici
1386 3626 1448 3708 ipsi
1482 3626 1600 3690 nolunt
1626 3627 1785 3695 homines,

383 3735 499 3818 Atque
521 3735 759 3799 uindicatiuum
784 3745 834 3798 est
856 3734 920 3798 hoc
943 3735 1091 3799 bellum:
1125 3755 1192 3816 quo
1214 3737 1398 3798 communis
1419 3746 1536 3801 natura
1556 3739 1749 3804 uindicatur.

430 3847 483 3910 De
513 3866 580 3928 quo
610 3846 676 3909 iam
709 3846 799 3910 satis
870 3845 1038 3928 Quoniam
1076 3866 1161 3926 quae
1191 3844 1282 3908 dicta
1311 3854 1388 3909 sunt
1421 3848 1464 3909 de
1499 3848 1640 3912 honesto
1672 3850 1785 3914 delen·

386 3959 467 4036 siuo,
504 3957 622 4020 eadem
660 3966 694 4020 et
726 3954 780 4020 hic
811 3966 892 4038 apta
929 3965 1013 4019 sunt.
1051 3955 1115 4020 hoc
1150 3964 1294 4037 excepto
1332 3964 1453 4035 tamen,
1490 3961 1579 4040 quod
1617 3981 1709 4024 arma
1742 3964 1785 4026 ad

387 4070 603 4134 offensionem
626 4068 717 4149 iungi
741 4068 843 4131 nolim
866 4066 966 4130 armis
989 4068 1126 4134 iniustis.
1186 4066 1321 4132 Scilicet
1347 4067 1473 4132 malum
1495 4070 1576 4135 illud
1606 4073 1788 4155 iniquitatis

383 4183 436 4246 hic
464 4183 635 4259 iuuaretur,
658 4180 748 4262 quod
775 4179 820 4242 ibi
846 4177 1031 4261 depellitur.
1086 4178 1142 4244 Sic
1170 4179 1294 4254 Cicero,
1318 4180 1521 4245 ‘Sordidum
1548 4193 1606 4265 est,
1628 4195 1666 4249 ut
1691 4205 1787 4248 accu-

383 4298 495 4358 ‘sator
528 4294 713 4372 nomineris,
744 4313 852 4374 neque
880 4301 993 4356 tamen
1028 4301 1064 4356 ut
1095 4290 1158 4358 hoc
1191 4292 1384 4377 fugiendum
1425 4306 1484 4375 est,
1518 4297 1565 4361 ita
1596 4296 1785 4372 habendum

382 4409 456 4470 ‘est
489 4405 646 4488 religioni,
680 4414 857 4469 nocentem
893 4403 1073 4486 aliquando
1102 4415 1137 4470 et
1169 4406 1328 4470 nefarium
1366 4408 1571 4491 impiumque
1599 4409 1785 4474 defendere.

524 4576 531 4605 ¹
548 4578 565 4626 l.
580 4592 601 4628 1.
613 4576 713 4642 delegi.
727 4578 772 4642 (D.
787 4593 809 4628 1.
821 4579 863 4642 3);
880 4577 898 4629 l.
914 4591 934 4628 1.
946 4577 978 4628 de
989 4579 1046 4630 inst.
1059 4579 1104 4644 (D.
1120 4593 1140 4630 1.
1156 4578 1198 4640 1);
1216 4579 1276 4630 inst.
1288 4579 1319 4631 de
1331 4581 1364 4630 iu.
1377 4598 1417 4632 na.
1429 4585 1466 4646 (1.
1480 4583 1505 4646 1)
1518 4583 1561 4633 ubi
1574 4584 1637 4635 Hot

891 4661 901 4688 ¹
921 4677 942 4710 1.
954 4662 1014 4712 Cor.
1029 4676 1058 4723 1;
1075 4662 1116 4712 adi
1129 4663 1182 4713 Ber.
1194 4678 1233 4728 ep.
1247 4672 1285 4726 77.
