4522 5570
468 707 508 770 88
953 719 1155 774 ALBERICI
1182 720 1382 774 GENTILIS

465 964 627 1042 omnibuS‚
650 974 762 1029 tamen
785 985 890 1047 eaque
913 965 1033 1029 dicitur
1055 965 1165 1047 opinio
1192 965 1384 1049 adprobata,
1413 973 1450 1028 ut
1475 965 1586 1046 quaeri
1609 965 1738 1028 illorum
1759 965 1863 1046 possit

464 1077 636 1159 possessi0‚
660 1086 693 1141 et
715 1078 842 1160 possint
865 1076 1071 1158 possidentes
1094 1076 1267 1158 prohibere
1289 1078 1371 1140 alios
1394 1075 1457 1139 illis
1480 1077 1527 1140 uti
1538 1074 1558 1140 ¹.
1589 1077 1692 1140 etita
1713 1076 1863 1140 Uenetos

464 1209 562 1270 posse
576 1187 749 1271 prohibere
764 1189 845 1252 alios
861 1189 988 1270 ingredi
1008 1210 1097 1253 mare
1115 1188 1216 1253 illud:
1240 1209 1306 1252 non
1321 1188 1400 1270 quia
1415 1187 1493 1252 facti
1512 1189 1576 1252 sint
1596 1188 1718 1253 Ueneti
1736 1189 1862 1252 domini

464 1299 571 1372 maris,
590 1299 680 1380 quod
700 1301 733 1362 in
751 1300 898 1363 dominio
917 1320 989 1364 esse
1011 1301 1133 1382 nequit,
1152 1301 1210 1364 sed
1229 1300 1306 1383 quia
1324 1299 1369 1363 sic
1388 1299 1454 1364 sint
1473 1319 1686 1381 possessores.
1734 1300 1862 1364 Uerum

464 1407 544 1470 mihi
568 1408 680 1490 opinio
707 1428 773 1471 non
799 1408 928 1490 placet:
963 1403 1050 1491 quae
1071 1408 1175 1472 laedit
1200 1429 1260 1491 per
1281 1409 1394 1472 inanes
1423 1409 1517 1491 logos
1544 1410 1594 1473 ius
1620 1419 1766 1474 naturae.
1812 1410 1862 1474 Ut

462 1517 490 1579 si
507 1535 596 1579 mare
611 1524 704 1596 patet
720 1536 779 1598 per
794 1525 947 1580 naturam
962 1516 1124 1595 omnibus,
1137 1518 1170 1581 id
1183 1517 1317 1599 quidem
1334 1515 1443 1580 claudi
1459 1517 1581 1579 nemini
1597 1516 1727 1580 debeat.
1759 1515 1863 1580 Usur-

462 1627 555 1709 patio
578 1626 704 1690 isthaec
727 1636 823 1690 esset.
878 1627 923 1691 Et
946 1627 1201 1709 usurpationem,
1219 1626 1282 1691 hoc
1306 1626 1507 1706 estfactum
1530 1627 1688 1702 illicitum,
1707 1627 1754 1690 ait
1776 1626 1861 1689 Am-

462 1739 620 1805 brosius2.
665 1740 902 1818 Iurisdictione,
917 1741 1123 1824 protectione
1145 1741 1317 1822 potiuntur
1333 1741 1455 1805 Ueneti
1478 1740 1563 1805 illius
1587 1741 1693 1819 maris,
1708 1740 1762 1804 alii
1781 1741 1862 1805 alio-

462 1872 546 1914 rum.
592 1852 639 1916 Et
661 1853 706 1916 sic
729 1853 887 1930 ‘Littora,
904 1854 937 1918 in
955 1875 1041 1936 quae
1063 1852 1205 1936 populus
1229 1854 1400 1917 Romanus
1422 1854 1594 1935 imperium
1617 1853 1727 1929 habet,
1747 1853 1860 1936 populi

463 1965 630 2028 ‘Romani
651 1985 723 2030 esse
740 1964 880 2030 arbitror
889 1962 921 2030 ³.’
966 1965 1064 2048 Quae
1086 1965 1210 2029 scilicet
1232 1987 1292 2029 usu
1316 1966 1463 2029 omnium
1487 1965 1693 2042 communia3
1716 1966 1861 2047 proprie-

462 2084 533 2139 tate
555 2075 694 2155 nullius;
719 2077 942 2141 iurisdictione
964 2085 997 2140 et
1019 2076 1224 2160 protectione
1247 2078 1293 2141 sic
1315 2086 1392 2141 sunt
1413 2076 1571 2159 Principis
1580 2075 1603 2138 ¹¹.
1651 2075 1706 2140 Sic
1728 2086 1804 2139 sunt
1828 2085 1861 2140 et

461 2187 626 2270 publica⁶.
680 2188 737 2253 Sic
759 2210 845 2272 quae
868 2190 1069 2272 proprietate
1093 2189 1231 2271 priuata,
1254 2211 1314 2253 usu
1339 2187 1482 2271 publico.
1540 2188 1595 2253 Sic
1618 2187 1674 2251 illa
1696 2187 1861 2272 profluens

462 2319 549 2382 aqua
572 2299 757 2365 communis
776 2311 835 2379 est
850 2310 884 2366 et
906 2302 1016 2384 ipsum
1039 2300 1161 2364 flumen
1184 2310 1382 2364 nontamen
1404 2320 1581 2364 commune
1603 2309 1664 2364 est.
1711 2299 1757 2363 Et
1775 2319 1861 2381 aqua

461 2412 638 2496 profluenti
657 2413 702 2477 sic
722 2413 843 2476 utimur
860 2433 985 2491 omnes,
1000 2413 1093 2496 quasi
1112 2411 1177 2477 alia
1193 2411 1340 2493 qualibet
1358 2433 1453 2493 aqua,
1470 2411 1571 2476 etiam
1586 2432 1672 2495 quae
1690 2431 1755 2475 non
1775 2420 1861 2474 esset

462 2525 615 2603 fluminis,
630 2525 732 2589 ueluti
750 2526 793 2589 ad
811 2523 1038 2604 hauriendum,
1054 2524 1097 2588 ad
1118 2523 1307 2602 lauandum‚
1323 2524 1366 2587 ad
1385 2524 1582 2605 aquandum.
1628 2522 1730 2605 Aqua
1748 2531 1860 2586 autem

462 2635 564 2701 ueluti
584 2635 726 2699 fluminis
746 2656 807 2700 nec
826 2645 876 2700 est
899 2635 1092 2714 communis,
1110 2645 1144 2699 et
1163 2657 1201 2700 ea
1220 2636 1266 2699 sic
1285 2636 1408 2698 utimur
1428 2656 1493 2699 non
1512 2635 1606 2716 quasi
1626 2634 1781 2716 qualibet,
1801 2633 1861 2696 sed

462 2767 528 2810 non
552 2746 654 2826 aliter,
670 2767 771 2829 quam
794 2747 827 2809 in
850 2745 995 2824 flumine,
1011 2756 1049 2810 ut
1070 2747 1267 2829 nauigando.
1314 2745 1389 2809 Hoc
1407 2754 1465 2823 est,
1481 2765 1548 2809 non
1571 2745 1604 2809 in
1627 2746 1775 2808 omnium
1790 2766 1860 2824 usu,

461 2857 521 2922 sed
544 2859 624 2922 certi
648 2856 771 2941 populi.
817 2856 904 2921 Illud
932 2866 983 2920 est
1008 2858 1166 2922 omnium.
1212 2856 1324 2921 Etiam
1348 2856 1496 2919 omnium
1522 2856 1604 2920 illud
1632 2866 1681 2920 est
1708 2857 1741 2918 in
1768 2856 1859 2920 mari.

461 2988 539 3032 nam
567 2988 657 3033 mare
682 2967 777 3031 audis
801 2987 977 3031 commune
1002 2966 1170 3031 omnium:
1201 2966 1337 3030 flumina
1362 2975 1476 3030 autem
1505 2968 1656 3049 publica:
1688 2976 1722 3031 et
1748 2968 1861 3049 itaque

461 3099 482 3142 a
500 3079 581 3142 mari
599 3079 765 3162 distingui.
811 3078 873 3142 Est
895 3087 1008 3142 autem
1032 3086 1065 3141 et
1088 3078 1122 3139 in
1145 3077 1227 3141 mari
1249 3078 1445 3141 iurisdictio:
1477 3088 1535 3141 aut
1558 3077 1666 3141 nullus
1688 3079 1861 3142 ulciscetur

461 3189 674 3272 magistratus
705 3189 850 3254 admissa
879 3189 912 3252 in
946 3188 1037 3252 mari.
1093 3187 1160 3251 Sed
1195 3197 1244 3251 est
1280 3197 1314 3252 et
1344 3187 1556 3269 magistratus
1588 3189 1621 3251 in
1655 3189 1735 3252 mari
1746 3189 1768 3252 ⁰.
1814 3188 1861 3252 Et

463 3301 673 3384 magistratus
698 3299 775 3363 iuris
802 3309 852 3364 est
877 3300 1048 3382 gentium:
1079 3298 1192 3382 itaque
1219 3299 1321 3363 etiam
1348 3296 1536 3362 iurisdictio
1583 3298 1628 3361 Et
1652 3299 1771 3381 itaque,
1795 3300 1860 3363 sint

461 3413 527 3476 ista
548 3412 671 3493 ubique
694 3431 827 3476 necesse
850 3419 908 3476 est.
954 3410 1054 3474 Porro
1078 3411 1290 3491 magistratus
1310 3429 1349 3474 ac
1367 3408 1599 3472 iurisdictionis
1618 3408 1744 3472 ratione
1761 3409 1860 3473 tribui

460 3522 601 3605 Principi
619 3522 761 3604 plurima
778 3521 812 3584 in
831 3522 921 3600 mari,
937 3521 1022 3585 sicut
1041 3521 1125 3584 etin
1145 3529 1239 3598 terra,
1254 3520 1288 3583 id
1308 3528 1434 3584 certum
1455 3528 1513 3598 est,
1530 3529 1563 3582 et
1582 3519 1659 3581 iuris
1678 3519 1859 3602 explorati:

461 3653 547 3718 quae
577 3653 675 3698 nemo
705 3631 931 3714 subterfugiet,
961 3632 1017 3714 qui
1045 3630 1188 3714 nauiget.
1233 3632 1311 3714 Ipse
1342 3631 1506 3712 Princeps,
1528 3631 1555 3693 si
1586 3649 1676 3693 mare
1702 3640 1801 3712 neget
1827 3632 1861 3696 in

459 3743 600 3828 reliquis,
625 3745 849 3809 commouebit
871 3744 995 3808 bellum
1019 3744 1052 3806 in
1075 3764 1129 3808 se:
1160 3744 1250 3826 quod
1274 3744 1414 3809 inserent
1437 3744 1522 3806 iuste
1545 3741 1599 3822 illi,
1622 3743 1750 3824 quibus,
1771 3743 1860 3825 quod

458 3857 573 3921 tribuit
592 3865 717 3934 natura,
736 3863 845 3938 negat.
889 3854 975 3938 Agit
993 3855 1142 3938 priuatus
1159 3855 1348 3920 iniuriarum
1367 3874 1427 3937 pro
1445 3853 1496 3918 his
1514 3855 1603 3938 apud
1622 3855 1860 3937 magistratum.

458 3986 525 4032 non
551 3967 699 4051 priuatus
728 3963 827 4050 igitur
856 3965 980 4030 bellum
1012 3964 1108 4029 insert
1118 3965 1141 4028 ⁷.
1187 3965 1233 4030 Et
1263 3974 1394 4032 tantum
1425 3965 1468 4027 de
1497 3965 1700 4030 naturalibus
1730 3965 1860 4030 caussis.

460 4079 581 4142 Restat
602 4079 645 4142 de
667 4077 830 4142 humanis.
907 4086 918 4100 '

786 4278 794 4307 ¹
811 4280 877 4342 Aug.
889 4293 957 4328 cons.
972 4290 1027 4341 290.
1223 4275 1234 4304 ¹
1250 4275 1339 4324 Ambr.
1353 4287 1374 4325 1.
1386 4275 1418 4323 de
1432 4273 1481 4324 off.
1496 4277 1534 4324 28.

458 4360 502 4412 ³1.
521 4375 543 4425 3.
560 4377 591 4412 ne
608 4377 632 4426 q.
648 4363 674 4412 in
690 4361 726 4412 lo.
743 4376 768 4428 p.
787 4361 833 4424 (D.
850 4374 891 4424 43.
909 4359 950 4420 8);
977 4357 1033 4407 Alc.
1051 4356 1069 4408 l.
1087 4371 1110 4421 5.
1127 4358 1158 4407 de
1175 4357 1231 4406 iust.
1250 4357 1295 4420 (D.
1315 4371 1336 4406 1.
1356 4357 1398 4419 1);
1424 4355 1496 4407 Alex.
1516 4370 1537 4406 a.
1555 4371 1623 4405 cons.
1641 4369 1702 4420 1943
1725 4353 1819 4404 Bartol.
1838 4363 1860 4417 7.

475 4443 551 4495 dedi.
563 4459 598 4494 re.
610 4443 656 4507 (D.
669 4442 749 4505 1.8.).
856 4439 937 4489 *nat
949 4439 967 4488 1.
981 4453 1002 4488 2.
1013 4438 1089 4489 dedi.
1101 4453 1134 4488 re.
1148 4438 1193 4502 (D.
1208 4439 1284 4501 1.8);
1301 4440 1368 4503 Ang.
1380 4439 1404 4488 d.
1417 4437 1434 4486 l.
1447 4451 1469 4500 3.
1482 4453 1513 4486 ne
1524 4453 1548 4502 q.
1560 4435 1585 4486 in
1596 4436 1629 4486 lo.
1642 4453 1683 4502 pu.
1698 4437 1743 4500 (D.
1755 4449 1794 4498 43.
1807 4436 1844 4499 8).

473 4523 516 4573 ⁶1.
529 4538 568 4587 23.
581 4542 605 4587 4.
617 4540 647 4575 ne
658 4524 765 4590 q.iulo.
777 4539 817 4588 p.;
834 4521 852 4572 l.
866 4521 930 4572 nde
941 4520 967 4572 fl.
979 4519 1025 4584 (D.
1036 4534 1076 4585 43.
1093 4521 1150 4582 12);
1166 4519 1184 4569 l.
1197 4534 1236 4583 30.
1250 4519 1289 4570 de.
1301 4521 1341 4568 ad.
1353 4535 1386 4570 re.
1398 4519 1440 4568 do.
1453 4518 1499 4580 (D.
1513 4533 1553 4581 41.
1566 4519 1606 4580 1);
1625 4518 1693 4567 Don.
1706 4535 1729 4578 4.
1741 4532 1806 4567 com.
1820 4531 1843 4568 a.

690 4605 733 4655 ⁸1.
746 4620 769 4654 α.
781 4604 812 4654 de
823 4619 859 4654 or.
871 4604 903 4652 iu.
916 4602 962 4666 (D.
977 4617 998 4653 1.
1014 4603 1048 4664 2).
1248 4599 1292 4649 ⁷1.
1307 4616 1344 4664 13·
1355 4601 1386 4651 de
1396 4599 1456 4649 inin.
1469 4599 1515 4663 (D.
1526 4609 1566 4662 47.
1581 4599 1632 4661 ιο).
