4522 5570
461 735 500 802 82
946 745 1148 798 ALBERICI
1177 744 1376 798 GENTILLS'

459 995 615 1067 negetur:
639 987 665 1049 si
681 987 849 1068 portubus
865 988 892 1049 si
910 997 1106 1064 commeatu,
1125 987 1151 1049 si
1172 994 1364 1062 mercatura,
1382 985 1409 1046 si
1429 969 1624 1047 commercio
1644 981 1859 1047 excludimur.

460 1097 506 1160 Et
530 1099 572 1160 de
596 1098 711 1162 itinere
734 1099 780 1162 ita
803 1098 1020 1178 Augustinus
1043 1098 1258 1162 ‘Notandum
1284 1106 1335 1161 est
1359 1117 1447 1173 sane,
1468 1094 1751 1177 quemadmodum
1775 1095 1861 1158 iusta

461 1207 573 1272 ‘bella
593 1210 793 1292 gerebantur
810 1231 832 1275 a
854 1210 928 1274 filiis
952 1209 1056 1274 Israel
1080 1219 1195 1274 contra
1209 1208 1421 1272 Amorraeos.
1468 1206 1632 1270 Innoxius
1648 1205 1735 1269 enirn
1754 1216 1860 1269 trans-

460 1321 548 1384 ‘itus
572 1321 815 1401 denegabatur:
847 1323 902 1404 qui
925 1323 996 1386 iure
1016 1323 1182 1386 humanae
1205 1322 1372 1386 societatis
1394 1319 1595 1401 aequissimo
1623 1327 1736 1401 patere
1760 1318 1860 1381 debe-

460 1426 581 1495 ‘bat1.'
625 1431 830 1496 Naturaliter
847 1435 960 1497 omnia
978 1435 1097 1498 itinera
1113 1434 1225 1511 libera,
1241 1433 1366 1496 Baldus
1383 1430 1460 1495 ait2.
1506 1431 1552 1494 Et
1575 1431 1672 1494 indici
1691 1430 1771 1494 olim
1789 1429 1859 1492 bel-

460 1543 528 1606 lum
550 1542 684 1606 solitum
706 1545 750 1608 ab
773 1544 910 1609 ecclesia
932 1556 1046 1610 contra
1064 1547 1199 1624 Turcas‚
1218 1546 1273 1627 qui
1297 1542 1518 1627 prohibebant
1541 1542 1716 1624 quominus
1738 1543 1859 1604 iremus

459 1674 519 1717 nos
542 1666 658 1719 contra
687 1655 870 1720 Saracenos
900 1656 1014 1721 hostes
1045 1667 1181 1736 nostros,
1204 1665 1239 1719 et
1261 1656 1405 1720 referunt
1423 1656 1486 1733 alii,
1510 1665 1543 1718 et
1568 1656 1600 1715 in
1624 1655 1693 1716 iure
1714 1654 1761 1716 sic
1784 1674 1860 1736 pro-

457 1766 559 1830 bant:
583 1767 660 1848 quia
678 1768 712 1832 id
728 1769 954 1855 turbulentum
973 1768 1024 1847 sit,
1040 1779 1073 1832 et
1088 1769 1148 1831 iuri
1165 1769 1364 1832 contrarium
1374 1767 1396 1832 ³.

504 1875 592 1940 Sunt
613 1877 695 1941 haec
721 1887 834 1942 tamen
861 1878 939 1940 mihi
967 1898 1033 1941 non
1059 1879 1141 1941 leuis
1167 1876 1379 1940 difficultatis.
1425 1876 1515 1939 Nam
1542 1875 1698 1956 exempla
1723 1882 1800 1937 sunt
1826 1884 1861 1938 et

459 1988 602 2052 rationes
625 2009 738 2051 eorum
761 1990 817 2072 qui
839 1991 900 2052 iter
921 1999 1091 2072 negarunt.
1120 1998 1153 2053 et
1172 1988 1328 2071 exempla
1350 1997 1383 2051 et
1407 1989 1550 2051 rationes
1572 1995 1649 2050 sunt
1667 2007 1780 2050 eorum
1804 1987 1861 2066 qui

459 2111 697 2165 concesserunt.
743 2101 820 2164 Rex
837 2102 947 2166 Dauid
960 2110 1105 2165 armatus
1121 2101 1250 2165 obsistit
1267 2101 1335 2182 regi
1351 2100 1406 2182 qui
1423 2120 1481 2181 per
1496 2099 1577 2162 fines
1594 2099 1746 2161 Iudaicos
1762 2099 1862 2160 duce-

458 2207 517 2272 bat
533 2211 714 2273 exercitum
727 2220 840 2275 contra
855 2212 965 2276 alium.
985 2223 1018 2276 et
1031 2233 1090 2274 rex
1103 2213 1207 2275 Iosias
1219 2212 1393 2276 transitum
1408 2211 1540 2291 negauit
1552 2209 1733 2291 Aegypti0,
1746 2218 1861 2272 contra

460 2319 599 2384 Medum
622 2322 849 2403 proficiscenti,
873 2334 905 2388 et
928 2325 1105 2405 pollicenti,
1130 2324 1344 2388 transiturum
1367 2343 1402 2385 se
1425 2324 1495 2384 sine
1518 2321 1679 2385 maleficio
1689 2320 1713 2382 ⁴.
1744 2329 1778 2384 et
1802 2341 1861 2382 rex

460 2433 616 2514 Sichomi,
632 2444 666 2499 et
681 2457 741 2500 rex
757 2438 1002 2502 Edomaeomm
1018 2447 1179 2520 negarunt
1198 2439 1318 2520 Moysi,
1331 2436 1497 2519 pollicenti
1515 2435 1659 2499 eadem⁵.
1684 2443 1718 2498 et
1731 2434 1861 2516 Ephro-

460 2547 550 2609 nitae
562 2559 723 2630 negarunt
736 2549 840 2613 Iudae
854 2550 1107 2615 Macchabaeoss.
1126 2561 1160 2614 et
1171 2550 1288 2614 Franci
1299 2558 1421 2631 negant
1432 2549 1579 2611 Narseti:
1599 2555 1699 2629 atque
1710 2565 1861 2610 caussam

460 2658 583 2732 dicunt,
601 2657 677 2722 licet
700 2661 908 2742 singularem,
927 2663 1082 2742 quoniam
1106 2663 1228 2724 Narses
1252 2660 1500 2742 LongobardOS,
1521 2660 1721 2722 Francorum
1740 2657 1862 2736 hostes,

460 2786 572 2828 secum
587 2766 725 2832 haberet
735 2768 756 2832 ⁷.
795 2770 841 2832 Et
857 2771 978 2834 Ueneti
995 2781 1156 2853 negarunt
1172 2771 1403 2834 Maximiliano
1420 2771 1534 2852 primo,
1551 2769 1696 2850 quicum
1714 2767 1861 2831 exercitu

460 2881 596 2963 petebat
620 2881 758 2946 transire
783 2883 926 2945 Romam
949 2885 993 2946 ad
1017 2885 1142 2965 imperii
1168 2904 1321 2947 coronam
1347 2883 1582 2964 accipiendam,
1607 2890 1709 2962 atque
1732 2900 1862 2944 caussa·

460 2991 582 3054 bantur
617 2991 748 3070 Ueneti,
780 3014 849 3057 rem
888 2996 978 3077 pacis
1011 3016 1077 3058 non
1115 3015 1210 3076 egere
1246 2995 1382 3058 armatis
1392 2993 1415 3052 ⁸.
1469 2994 1515 3058 Et
1555 2993 1752 3055 Euburones
1789 2991 1861 3054 aliis

461 3104 597 3166 armatis
615 3105 821 3186 denegarunt
831 3106 851 3170 ⁰.
898 3105 943 3170 Et
961 3104 1224 3187 Agrippinenses
1243 3106 1322 3168 olim
1342 3107 1516 3168 redeuntes
1537 3105 1571 3166 in
1589 3104 1767 3167 amicitiam
1786 3123 1862 3166 cum

463 3213 635 3278 Germanis
653 3215 734 3293 aliis,
752 3217 848 3281 ‘Sint
869 3218 1025 3281 transitus
1040 3217 1238 3291 incustoditi,
1255 3218 1313 3302 sed
1331 3217 1446 3290 diurni,
1465 3224 1499 3279 et
1520 3214 1708 3279 inermes¹⁰.’
1732 3213 1862 3278 Pericu-

461 3324 532 3388 losa
549 3324 631 3390 haec
649 3347 699 3390 res
718 3337 776 3404 est,
792 3337 829 3392 ut
845 3329 1012 3404 existim0,
1029 3350 1167 3411 semper,
1185 3350 1250 3391 non
1269 3328 1370 3391 modo
1389 3329 1416 3391 si
1432 3347 1566 3391 caussae
1580 3326 1759 3408 singulares
1775 3335 1862 3402 sunt,

463 3436 515 3498 uel
539 3437 564 3498 si
588 3447 665 3502 sunt
688 3439 820 3502 inimico
843 3439 963 3517 anim0,
982 3440 1038 3521 qui
1057 3440 1184 3502 transiri
1205 3439 1349 3504 habent:
1373 3448 1410 3503 ut
1428 3448 1602 3522 propterea
1620 3446 1720 3518 negat
1739 3436 1864 3500 Caesar

464 3546 628 3610 Heluetiis
650 3549 824 3612 transitum
834 3547 867 3611 ¹¹.
916 3551 983 3613 Sed
1010 3549 1137 3612 Albani
1164 3560 1276 3613 tamen
1303 3570 1492 3614 concessere
1519 3549 1695 3630 Pompeio:
1730 3545 1862 3610 Arabes

465 3657 646 3741 Cambysi:
672 3660 815 3724 Alexius
843 3660 955 3739 Gallis,
974 3662 1053 3725 item
1083 3660 1223 3725 Cilices:
1252 3672 1285 3725 et
1311 3661 1366 3724 alii
1394 3661 1510 3724 Graeci
1538 3661 1752 3741 imperatores
1779 3657 1861 3720 Ger-

463 3771 569 3832 manis
578 3769 611 3835 ¹².
658 3771 823 3850 Ceterum,
841 3782 878 3836 ut
897 3773 1005 3836 dicam
1025 3772 1114 3850 nihil,
1133 3794 1233 3855 quam
1252 3773 1408 3837 cesserint
1426 3772 1508 3836 haec
1530 3770 1709 3846 infeliciter,
1728 3789 1860 3833 conces-

380 3949 385 3959 ,
461 3881 571 3944 siones
593 3881 676 3946 istae
698 3904 830 3947 caussas
852 3883 997 3948 habuere
1020 3885 1201 3967 singulares
1223 3907 1266 3948 ex
1290 3885 1521 3949 communione
1545 3883 1727 3964 religionis:
1760 3890 1793 3943 et
1817 3901 1862 3943 ex

461 3989 558 4055 hoste
573 3995 749 4074 communi,
764 4005 879 4058 contra
893 4017 993 4078 quern
1008 3997 1125 4061 ibatur.
1163 3995 1280 4060 Timor
1295 3997 1436 4060 extorsit
1452 3995 1532 4060 aliis,
1566 3993 1712 4057 Caussae
1727 3991 1811 4055 aliae
1827 3993 1860 4055 id

463 4101 599 4167 effecere
617 4101 667 4186 (ut
686 4103 774 4191 dico)
792 4106 974 4187 singulares
993 4107 1121 4170 illarum
1141 4129 1363 4190 personarum,
1384 4129 1450 4170 non
1467 4106 1636 4190 generales
1659 4103 1861 4187 quaestionis

659 4355 669 4386 ¹
685 4360 751 4422 Aug.
762 4359 812 4408 Nu.
825 4375 848 4423 q.
860 4375 906 4422 443
925 4375 946 4408 c.
957 4359 1002 4409 ult.
1017 4373 1054 4421 23.
1067 4377 1090 4425 q.
1105 4376 1126 4409 2.
1400 4361 1410 4389 ²
1427 4362 1481 4410 Bal.
1494 4377 1516 4423 3.
1529 4377 1596 4411 cons.
1611 4375 1665 4425 ²95·

479 4439 489 4471 ⁸
505 4440 578 4490 Alex.
592 4451 613 4504 7.
625 4455 692 4490 cons.
707 4454 766 4502 13o;
784 4441 875 4490 Couar.
887 4441 949 4504 Reg.
962 4442 1031 4492 Pecc.
1043 4460 1067 4506 p.
1082 4458 1103 4492 2.
1119 4447 1131 4501 ς
1146 4458 1170 4506 9.
1219 4441 1228 4470 ⁴
1248 4458 1269 4491 2.
1282 4444 1347 4494 Sam.
1360 4444 1383 4494 8.
1395 4451 1420 4493 et
1433 4459 1453 4493 2.
1467 4445 1528 4508 Reg.
1543 4456 1586 4504 ης
1605 4443 1665 4491 Zon.
1677 4442 1721 4491 lib.
1736 4456 1757 4490 a.
1770 4458 1791 4491 c.
1806 4457 1845 4506 ²4·

495 4521 599 4570 ⁸Num.
613 4535 657 4579 20;
674 4521 792 4576 Deut.2;
810 4522 847 4570 Iu.
862 4534 899 4572 11.
966 4522 1110 4574 ⁰1.Macc.
1125 4535 1148 4584 5.
1214 4522 1347 4589 'Procop
1359 4541 1383 4589 4.
1395 4525 1472 4575 Goth.
1487 4541 1507 4574 c.
1526 4535 1565 4588 ²7·
1632 4523 1731 4573 ‘Guio
1747 4523 1792 4573 lib.
1808 4537 1829 4586 7.

463 4603 544 4653 'Iou
556 4603 599 4654 lib.
611 4618 652 4668 41.
725 4603 818 4654 ¹⁰Tac.
830 4621 854 4668 4.
868 4604 935 4654 Hist.
947 4604 988 4669 65.
1060 4604 1167 4656 ¹¹Caes.
1180 4619 1201 4654 1.
1214 4606 1282 4656 Gall.
1297 4618 1318 4670 7.
1393 4607 1411 4636 ¹²
1428 4609 1504 4664 Zon.;
1523 4608 1642 4669 Hero.3;
1662 4605 1826 4671 Nic.;Greg.
1838 4625 1862 4672 4.
