4534 5576
688 738 749 792 DE
777 739 880 794 IURE
908 739 1044 812 BELLI,
1072 739 1152 795 LIB.
1174 739 1217 811 II,
1248 739 1337 796 CAP.
1365 741 1449 799 VIII.
1706 739 1765 800 161
1803 767 1804 770 ¹

361 997 428 1041 non
451 979 644 1044 incumbent
666 981 699 1044 in
721 979 846 1044 bellum
868 991 1004 1064 propter
1025 980 1175 1044 iniuriam
1199 982 1297 1045 istam
1320 1001 1452 1060 nouam,
1471 982 1643 1066 insignem,
1662 985 1770 1068 indig-

362 1089 462 1153 nam?
507 1091 704 1170 Audiemus,
720 1093 846 1156 saeuire
865 1094 986 1158 milites
1002 1095 1087 1158 duce
1102 1114 1162 1158 nec
1177 1114 1236 1174 per
1252 1094 1356 1158 malas
1370 1104 1459 1158 artes
1475 1097 1634 1160 extincto.
1684 1097 1771 1175 Scio,

361 1201 525 1283 quieuisse
541 1203 723 1286 Persasque
739 1205 977 1288 Romanosque
996 1206 1168 1270 exstinctis
1189 1203 1369 1284 Caracalla,
1386 1206 1524 1286 Iulian0,
1543 1208 1770 1272 incentoribus

360 1309 481 1376 belli¹:
512 1314 571 1377 sed
595 1335 656 1378 nec
679 1315 731 1378 isti
755 1315 875 1379 sublati
898 1316 942 1380 ab
964 1315 1015 1379 his
1039 1315 1207 1380 fraudibus
1230 1315 1384 1393 hostium,
1407 1326 1441 1380 et
1465 1339 1584 1382 causae
1606 1320 1767 1401 speciales

361 1431 433 1486 tum
457 1425 615 1489 exstitere
636 1426 721 1490 aliae
743 1427 871 1509 quietis.
925 1428 977 1491 At
1000 1437 1037 1491 tu
1063 1426 1142 1491 mihi
1168 1435 1263 1490 notes
1290 1447 1385 1492 casus
1406 1427 1535 1510 aliquos
1557 1431 1705 1494 diuersos
1734 1432 1768 1494 in

360 1533 422 1600 hac
446 1555 554 1601 causa.
601 1539 746 1601 Primum
762 1559 866 1622 quum
888 1539 1027 1604 insidiae
1048 1539 1237 1603 huiusmodi
1260 1549 1417 1622 parantur
1439 1541 1552 1605 iuncto
1573 1543 1767 1624 parricidio:

361 1647 395 1710 id
419 1657 477 1726 est,
502 1670 605 1732 quum
635 1653 669 1714 in
696 1662 796 1735 caput
818 1653 974 1737 principis
997 1662 1173 1718 mouentur
1195 1653 1319 1716 subditi
1343 1653 1422 1717 eius.
1452 1655 1642 1734 secundum,
1665 1677 1768 1738 quum

362 1763 433 1846 ipse
452 1773 565 1828 mouet
583 1764 696 1829 hostis.
741 1766 858 1850 Atque
878 1766 930 1833 hic
950 1769 1122 1832 considera
1140 1787 1251 1830 rursus
1269 1767 1352 1830 duos
1370 1787 1475 1831 casus.
1505 1789 1616 1846 unum,
1635 1770 1769 1850 quando

360 1873 466 1938 hostis
489 1877 558 1958 agit
589 1877 683 1957 clam,
707 1877 856 1958 alterum,
879 1881 1013 1963 quando
1044 1879 1155 1962 palam
1186 1878 1265 1961 agit.
1310 1879 1355 1942 Et
1386 1880 1419 1941 in
1450 1900 1526 1942 casu
1556 1880 1620 1944 hoc
1650 1879 1768 1943 ultimo

364 1988 535 2070 responde,
559 1989 586 2052 si
605 1989 685 2072 quid
708 1992 930 2074 reprehendis.
976 1991 1170 2056 Theodotus
1193 1990 1336 2054 Aetolus
1360 1990 1543 2055 Ptolomaei
1566 2001 1674 2055 castra
1696 2002 1768 2056 ten·

362 2099 550 2182 toriumque
572 2101 737 2183 ingressus
760 2112 811 2167 est
837 2103 958 2186 palam,
977 2100 1018 2188 (si
1041 2104 1148 2167 uerius
1174 2104 1291 2166 recitat
1314 2102 1473 2184 Polybius
1502 2123 1601 2185 quam
1629 2105 1769 2186 scriptor

364 2209 647 2290 Macchabaeicus,
666 2214 721 2295 qui
738 2215 780 2277 de
795 2214 1015 2290 clandestinis,
1031 2216 1207 2292 nocturnis,
1222 2215 1349 2278 insidiis
1364 2212 1446 2300 agit)
1459 2224 1496 2279 ut
1511 2233 1622 2297 regem
1638 2213 1768 2279 hostem

362 2322 550 2387 occideret:
584 2333 618 2387 et
648 2345 732 2406 quos
762 2336 879 2390 nactus
903 2334 953 2390 est
975 2323 1217 2389 obtruncauit2.
1274 2324 1330 2389 Sic
1358 2325 1501 2407 Pipinus,
1523 2325 1633 2389 Caroli
1657 2328 1769 2408 magni

362 2444 466 2519 pater,
491 2436 628 2500 traiecto
654 2437 783 2515 Rheno,
807 2439 984 2501 comitatus
1010 2457 1076 2501 uno
1100 2435 1251 2515 satellite,
1273 2435 1404 2500 hostem
1433 2436 1467 2499 in
1495 2437 1645 2500 cubiculo
1670 2437 1769 2502 inter·

363 2546 442 2610 fecit
453 2545 476 2609 ³.
531 2547 610 2611 Non
634 2547 853 2630 reprehendes
872 2547 957 2613 forte
980 2549 1041 2612 nisi
1064 2548 1247 2612 audaciam.
1279 2567 1365 2630 quae
1388 2546 1467 2609 nihil
1490 2549 1532 2611 ad
1551 2547 1602 2611 ius
1621 2548 1768 2613 hostium

364 2659 517 2742 pertinet.
563 2659 642 2723 Siue
664 2661 752 2723 enim
776 2660 809 2723 in
832 2661 910 2738 acie,
926 2661 996 2724 siue
1019 2661 1052 2723 in
1075 2661 1190 2726 castris
1212 2659 1366 2724 conficias
1381 2659 1511 2724 hostem
1528 2658 1608 2723 nihil
1624 2661 1768 2725 interest.

365 2769 508 2832 ‘Hostis
525 2769 611 2833 bene
631 2769 823 2834 interficitur
840 2770 980 2854 ubique?
1011 2771 1117 2854 inquit
1141 2767 1298 2834 Baldus⁴.
1344 2767 1428 2852 Quis
1440 2769 1637 2834 Leonidam
1661 2792 1769 2854 repre·

364 2877 489 2958 hendit,
504 2881 560 2962 qui
584 2901 659 2944 cum
682 2883 749 2945 suis
769 2883 936 2946 sexcentis
958 2890 1065 2947 castra
1081 2881 1228 2946 hostium
1246 2880 1419 2962 ingressus,
1438 2881 1552 2944 statim
1572 2882 1658 2964 regis
1676 2903 1770 2965 prae·

365 2993 486 3055 torium
505 2990 647 3074 petiit⁶?
690 2992 791 3076 Quod
813 2993 945 3058 siclam
963 3003 1131 3077 grassetur
1148 2993 1276 3075 aliquis,
1291 3001 1328 3056 ut
1347 2991 1528 3057 Scaeuola:
1552 3013 1615 3076 ego
1633 2993 1769 3075 quidem

366 3104 564 3183 existimaui,
581 3105 716 3170 insidias
739 3125 804 3169 non
828 3105 930 3170 iustas
948 3126 1028 3170 esse.
1074 3103 1143 3170 Sed
1165 3113 1200 3168 te
1221 3104 1358 3168 forsitan
1382 3105 1415 3168 in
1435 3103 1635 3168 contrarium
1656 3113 1770 3168 mouet

367 3215 472 3294 magis
498 3215 677 3280 auctoritas
704 3215 878 3280 Romanae
903 3215 990 3280 illius
1016 3215 1168 3293 ciuitatis,
1193 3224 1226 3279 et
1252 3215 1408 3280 iudicium
1435 3214 1665 3297 theologorum
1689 3236 1770 3297 quo·

366 3326 513 3404 tundam,
536 3326 592 3407 qui
616 3324 813 3390 Scaeuolam
832 3335 866 3390 et
889 3326 1071 3391 Scaeuolae
1088 3325 1213 3390 factum
1236 3325 1492 3408 adprobamntt
1536 3325 1653 3407 Atque
1675 3326 1702 3388 si
1726 3347 1770 3390 ex

364 3436 490 3499 insidiis
512 3445 608 3500 extra
631 3446 738 3500 castra
759 3437 837 3501 licet
858 3437 922 3501 hoc
940 3435 1055 3516 lacere,
1079 3445 1189 3500 curet
1211 3437 1245 3498 in
1268 3437 1382 3501 castris
1404 3457 1469 3499 non
1489 3434 1609 3500 liceat?
1665 3436 1769 3519 Sepa-

365 3546 486 3610 randus
508 3566 587 3609 uero
610 3567 630 3609 a
654 3546 789 3611 Iuditha
811 3545 907 3611 luerit
930 3546 1101 3611 Scaeuola
1156 3546 1220 3610 Illa
1247 3547 1335 3610 enim
1360 3546 1477 3610 mulier
1498 3567 1574 3610 cum
1597 3546 1670 3610 aliis
1692 3568 1770 3629 pec·

365 3659 455 3737 catiS,
471 3658 514 3723 de
530 3657 650 3741 quibus
665 3668 837 3723 accusatur
851 3658 894 3721 ab
909 3658 981 3721 aliis
997 3657 1181 3735 iustissime,
1197 3666 1371 3740 peccatum
1390 3657 1587 3739 proditionis
1602 3658 1736 3720 admisit
1746 3657 1768 3722 ⁷.

366 3767 456 3850 quod
474 3769 605 3833 diuinae
624 3769 830 3852 naturalique
852 3769 917 3851 legi
935 3771 1021 3833 adeo
1039 3778 1090 3832 est
1112 3768 1289 3846 inimicum,
1306 3776 1342 3830 ut
1360 3767 1388 3830 si
1406 3787 1505 3849 quem
1526 3767 1650 3848 possim
1669 3767 1769 3831 inter·

366 3879 471 3957 ficere,
487 3901 563 3944 eum
584 3881 765 3963 proditorie
783 3879 964 3944 interficere
982 3900 1048 3942 non
1067 3878 1191 3962 possim
1201 3876 1224 3937 ⁸.
1270 3878 1316 3940 Et
1338 3877 1384 3940 sic
1407 3876 1525 3940 caedes
1548 3877 1768 3941 condemnata

367 3988 624 4054 Sichimitarum.
658 4012 759 4074 quam
783 3989 917 4054 Iuditha
939 3990 1031 4054 nullo
1055 3989 1175 4053 iudicio
1202 4008 1261 4070 pro
1283 3987 1439 4070 exemplo
1461 3987 1591 4070 probati
1615 3986 1769 4052 facinoris

365 4098 410 4161 ob
445 4101 559 4164 oculos
594 4102 655 4165 sibi
691 4103 853 4184 proponit.
912 4101 1065 4166 Affectus
1100 4099 1254 4164 Iudithae
1286 4099 1447 4176 laudatur,
1480 4119 1580 4180 quem
1617 4098 1692 4162 tulit
1725 4099 1768 4162 ad

366 4209 508 4275 salutem
535 4213 669 4297 populi3
706 4235 767 4296 pro
798 4235 864 4297 qua
890 4213 955 4279 fuit
984 4224 1018 4278 et
1042 4212 1136 4277 fortis
1166 4231 1265 4295 supra
1294 4231 1422 4290 sexum,
1448 4212 1558 4293 adque
1587 4209 1768 4292 periculum

367 4465 516 4521 *Hermia
527 4469 642 4534 lib.4c.
657 4484 702 4534 ης
719 4472 804 4522 Amm.
816 4472 860 4522 lib.
873 4485 912 4536 ²⁵·
924 4489 945 4524 c.
959 4484 981 4536 7.
1013 4470 1127 4536 'Polyb
1139 4469 1184 4520 lib.
1197 4483 1220 4535 5.
1232 4487 1254 4520 c.
1266 4472 1315 4531 813
1332 4483 1355 4532 3.
1368 4469 1435 4519 Mac.
1450 4482 1471 4518 1.
1515 4468 1771 4534 ⁸Bonn1.ung.8.

386 4549 653 4617 ⁴Bal.5.cons.434.
719 4553 889 4606 'Iustinlib
904 4570 957 4606 ac.
971 4569 1008 4606 11.
1075 4554 1168 4618 ‘Aug
1183 4553 1316 4616 5.deCiu.
1330 4569 1351 4603 c.
1365 4555 1394 4602 18
1406 4553 1484 4614 ;Sot.
1496 4553 1646 4618 5.de1u.q.
1661 4567 1715 4603 aa.
1731 4567 1753 4603 2.

636 4635 959 4702 'Aqanqnoaa
1146 4635 1407 4687 ⁸Menoeb.deArb.
1419 4651 1443 4700 q.
1457 4649 1498 4701 90.

1058 4851 1083 4900 Y
