4522 5570
487 633 824 646 m

487 747 548 813 130
971 735 1174 788 ALBERICI
1201 734 1401 788 GENTILIS

485 977 570 1044 forte
588 980 715 1042 externi
736 978 782 1041 illi
804 988 889 1056 sunt,
907 998 982 1042 cum
1000 978 1118 1060 quibus
1138 997 1270 1058 semper
1287 996 1358 1038 esse
1380 977 1449 1039 iura
1469 975 1557 1054 belli,
1575 975 1662 1038 dixit
1682 974 1885 1057 Pomponius

487 1092 514 1154 I.
538 1090 586 1155 C.¹
632 1089 678 1153 Et
700 1091 743 1153 de
763 1090 881 1172 quibus
903 1111 964 1152 nos
987 1089 1229 1170 disputauimus
1253 1089 1285 1150 in
1309 1088 1415 1169 primo
1437 1087 1530 1150 libro.
1576 1086 1632 1151 Sic
1654 1107 1733 1150 sane
1752 1086 1885 1150 Graecis

486 1196 659 1264 ‘externi'
681 1198 961 1283 appellabantur2.
1018 1198 1086 1264 Sed
1109 1201 1199 1281 quod
1222 1199 1418 1281 generaliter
1440 1194 1521 1283 (non
1543 1196 1609 1261 hoc
1634 1199 1768 1280 speciali
1794 1193 1885 1280 casu)

485 1311 619 1393 quidem
643 1313 771 1390 docent,
794 1311 917 1375 bellum
940 1312 1009 1374 iure
1031 1321 1145 1375 nostro
1167 1311 1254 1375 ciuili
1277 1312 1376 1374 indici
1400 1331 1466 1373 non
1489 1318 1661 1392 oportere:
1694 1310 1733 1372 id·
1751 1309 1885 1372 defendi

485 1444 551 1486 non
570 1432 680 1506 potest
700 1443 805 1504 neque
823 1424 866 1486 ab
889 1443 928 1487 ea
946 1423 1146 1500 delinitione,
1163 1443 1263 1504 quam
1282 1422 1428 1485 hostium
1443 1421 1556 1485 dicunt
1575 1421 1663 1484 idem
1683 1421 1884 1501 Pomponius

485 1544 520 1598 et
536 1535 719 1617 Ulpianus:
744 1544 776 1598 et
795 1536 910 1616 inqua
929 1533 1143 1598 nihil‘dicitur
1157 1535 1199 1596 de
1214 1533 1391 1596 indictione
1400 1531 1422 1597 ³.
1468 1532 1520 1596 Ea
1535 1533 1622 1596 enim
1638 1552 1703 1594 non
1719 1541 1769 1595 est
1787 1532 1886 1614 plena

485 1645 651 1709 definitio:
675 1654 710 1708 at
732 1666 833 1708 unum
857 1646 937 1709 illud
957 1646 1064 1719 docet,
1083 1645 1172 1726 quod
1196 1644 1238 1706 de
1260 1644 1391 1725 publico
1411 1664 1470 1706 nos
1488 1644 1700 1706 tractauimus
1718 1643 1751 1705 in
1770 1643 1885 1707 defini-

485 1757 575 1820 tione
597 1757 675 1819 belli
698 1756 805 1838 plena,
828 1767 861 1820 et
884 1756 926 1819 de
949 1756 1150 1839 principibus
1172 1755 1296 1818 bellum
1319 1755 1516 1837 gerentibus,
1563 1754 1725 1836 Quamuis
1743 1764 1777 1818 et
1795 1753 1885 1835 apud

485 1888 542 1930 eos
572 1867 818 1931 iurisconsultos
849 1868 983 1930 indictio
1016 1867 1098 1930 haec
1129 1877 1161 1929 et
1188 1866 1396 1930 denunciatio
1426 1867 1562 1929 omnino
1592 1864 1793 1948 significetur
1821 1865 1885 1927 illis

485 1979 603 2057 uerbis,
626 1979 780 2042 ‘Publice
799 1978 922 2042 bellum
948 1975 1172 2042 decreuimus.’
1217 1977 1349 2042 Geritur
1371 1988 1540 2060 praeterea
1563 1976 1686 2040 bellum
1706 1997 1765 2041 nec
1784 1977 1885 2041 indic-

485 2099 566 2166 tum,
589 2090 615 2152 si
638 2090 774 2154 iniuriae
795 2090 892 2154 durat
913 2090 1021 2168 factiO,
1043 2100 1100 2153 aut
1124 2091 1189 2152 iam
1212 2089 1278 2153 fiat.
1325 2089 1389 2153 Hic
1413 2100 1446 2152 et
1470 2090 1617 2170 priuatus
1640 2087 1795 2152 desendet
1817 2111 1852 2152 se
1862 2088 1884 2152 ⁴.

488 2200 553 2264 Hic
578 2200 701 2279 Cicer0‚
725 2200 852 2265 ‘Silent
875 2201 962 2264 enim
985 2201 1076 2283 leges
1098 2202 1183 2264 inter
1204 2221 1303 2278 arma,
1327 2219 1386 2263 nec
1408 2221 1445 2263 se
1467 2201 1650 2281 exspectari
1670 2199 1792 2277 iubent,
1810 2221 1886 2263 curn

486 2313 547 2390 ‘ei,
570 2312 626 2394 qui
650 2322 843 2394 exspectare
866 2312 955 2388 uelit,
979 2323 1056 2376 ante
1079 2313 1199 2376 iniusta
1220 2332 1326 2394 poena
1349 2311 1469 2376 luenda
1492 2313 1542 2386 sit,
1565 2332 1665 2393 quam
1689 2311 1773 2374 iusta
1794 2332 1886 2392 repe·

486 2425 610 2486 ‘tenda
622 2420 654 2486 ⁶.'
701 2423 829 2486 Similia
851 2424 981 2488 disserit
1003 2424 1126 2487 Caesar
1151 2423 1397 2486 admouendum
1420 2422 1589 2486 Ariouisto
1610 2421 1734 2485 bellum
1760 2423 1908 2505 absque·

486 2545 618 2596 senatus
640 2535 773 2597 decreto
797 2543 829 2597 et
852 2535 988 2616 populi;
1015 2545 1193 2615 antequam
1218 2534 1467 2615 ingrauesceret,
1490 2535 1806 2615 praeoccupandum,
1829 2535 1885 2600 ait.

485 2645 656 2726 obtingere
679 2645 775 2723 bella,
797 2645 839 2708 ad
863 2666 948 2727 quae
974 2647 1081 2726 parari
1105 2645 1256 2709 homines
1279 2646 1427 2727 possint3
1463 2656 1496 2708 et
1518 2645 1678 2727 querelae,
1702 2655 1734 2708 et
1758 2645 1885 2708 indicti-

486 2774 565 2818 ones
600 2756 734 2836 praeire.
779 2757 837 2818 sed
868 2756 932 2818 alia
963 2757 1091 2834 exoriri,
1121 2777 1207 2839 quae
1239 2766 1411 2838 tamquam
1444 2757 1572 2819 iusserit
1607 2757 1790 2834 necessitas,
1820 2776 1885 2818 non

487 2867 612 2945 possint
635 2866 669 2926 ln
695 2866 968 2947 disceptationem
994 2867 1155 2930 adducit:
1187 2876 1220 2930 et
1246 2876 1384 2942 caetera,
1407 2888 1493 2948 quae
1515 2867 1608 2958 apud¹
1631 2867 1775 2930 Dionem
1802 2877 1886 2930 sunt.

486 2973 544 3036 An
566 2975 592 3036 si
614 2974 759 3039 facturus
781 2975 969 3040 Ariouistus
991 2977 1115 3039 bellum
1141 2975 1273 3041 Caesari
1298 2977 1421 3055 suisset,
1440 2980 1581 3042 scribere
1605 2979 1749 3042 Romam
1772 2978 1888 3041 habuit

489 3086 617 3163 Caesar,
636 3096 669 3149 et
693 3107 731 3149 ea
754 3089 866 3150 omnia
884 3096 1078 3169 exspectare
1096 3089 1252 3167 solennia,
1269 3109 1354 3171 quae
1373 3089 1560 3172 Saguntum
1581 3088 1774 3172 perdidere?
1820 3091 1888 3154 Dat

487 3199 558 3279 ipsa
581 3197 636 3260 lex
660 3207 861 3279 potestatem
878 3198 1088 3262 defendendi.
1134 3201 1198 3264 Dic
1214 3202 1313 3264 etiam
1330 3201 1532 3282 exemplum,
1549 3203 1575 3264 si
1591 3201 1803 3282 praedatores
1818 3203 1888 3282 agri

487 3309 589 3370 nostri
613 3327 673 3369 nos
696 3308 815 3371 bellico
837 3319 952 3390 paratu
975 3311 1207 3391 persequimur.
1254 3312 1299 3375 Et
1322 3313 1504 3375 necessaria
1527 3313 1614 3376 enim
1636 3312 1718 3377 haec
1741 3312 1889 3376 defensio

487 3418 615 3481 dicetur
633 3419 768 3496 iustius;
791 3439 875 3501 quae
893 3440 954 3483 nec
972 3421 1042 3484 istis
1061 3419 1188 3504 legibus
1205 3431 1363 3501 teneatur,
1379 3425 1437 3487 sed
1457 3424 1502 3487 sic
1521 3424 1714 3506 explicetur,
1728 3433 1765 3486 ut
1781 3423 1889 3486 serunt

487 3530 685 3593 occasiones.
741 3529 830 3611 Quid
854 3531 942 3594 enim
968 3532 994 3594 si
1018 3532 1136 3596 bellico
1158 3545 1317 3617 apparatu
1341 3556 1424 3617 opus
1449 3544 1498 3598 est
1521 3537 1563 3598 ad
1591 3537 1802 3616 praedatores
1828 3535 1889 3598 hos

488 3640 704 3721 repellendos,
723 3641 815 3703 illurn
836 3663 898 3724 ego
917 3663 982 3706 non
1000 3644 1174 3709 adsumam
1194 3647 1274 3710 citra
1292 3647 1370 3711 belli
1389 3645 1700 3710 denunciationem?
1731 3667 1805 3710 cum
1826 3647 1889 3709 tuti

487 3754 568 3816 alias
592 3754 734 3817 redirent
757 3755 967 3835 praedatores
993 3757 1036 3820 ad
1059 3778 1146 3835 suos,
1167 3767 1200 3821 et
1225 3758 1320 3822 bonis
1347 3759 1466 3822 nostris
1488 3759 1597 3821 onusti
1624 3760 1690 3821 iam
1713 3759 1756 3821 de
1778 3758 1888 3821 tutiori

488 3865 562 3928 loco
585 3884 646 3927 nos
668 3864 819 3928 riderent.
866 3865 1031 3930 Reuersos
1050 3888 1115 3931 non
1135 3879 1287 3951 petemus
1304 3870 1393 3933 bello
1414 3870 1474 3934 nisi
1498 3870 1629 3934 indicto.
1675 3869 1758 3932 Iuris
1775 3878 1889 3932 tamen

488 3976 682 4056 interpretes
698 3996 764 4038 non
780 3975 911 4039 finirent
926 3986 1058 4060 tempus
1074 3979 1136 4044 hoc
1152 3990 1221 4043 tam
1233 3989 1381 4062 anguste,
1393 4002 1494 4062 quam
1510 4001 1570 4044 nos
1585 3980 1729 4044 facimus.
1762 3979 1888 4044 Uerum

488 4097 522 4150 et
540 4095 653 4149 contra
672 4086 752 4150 istos
774 4087 806 4149 in
829 4089 952 4151 caussis
975 4091 1178 4171 priuatorum
1197 4090 1275 4155 sacit
1298 4093 1467 4155 nobiscum
1493 4091 1647 4168 Iulianus
1666 4091 1722 4174 qui
1743 4091 1794 4153 ‘in
1816 4091 1889 4172 ipso

488 4197 704 4279 ‘congressu'
721 4198 990 4279 reciperationem
1010 4201 1191 4264 uiolentam
1209 4204 1254 4265 rei
1273 4204 1305 4266 ui
1323 4212 1438 4284 raptae
1453 4204 1618 4266 admittit:
1643 4203 1794 4284 adeoque
1812 4211 1889 4284 post

487 4327 701 4391 congressum
721 4319 819 4390 negat
829 4308 851 4372 ⁷.
897 4308 973 4391 Qua
992 4311 1034 4373 de
1053 4331 1086 4374 re
1103 4312 1198 4392 plura
1216 4315 1329 4396 scripsi
1348 4316 1380 4376 in
1399 4314 1482 4378 libro
1498 4315 1571 4377 ‘De
1587 4311 1742 4395 legitimis
1760 4322 1889 4394 tempo-

554 4539 564 4570 ²
580 4539 597 4590 l.
612 4551 635 4602 5.
646 4539 678 4589 de
689 4546 754 4604 oapt.
768 4539 814 4602 (D.
824 4553 863 4604 49.
879 4540 930 4600 15).
1085 4541 1095 4568 ²
1113 4541 1191 4592 Hero.
1204 4542 1249 4594 lib.
1262 4544 1305 4594 ult.
1318 4561 1340 4594 c.
1354 4559 1391 4594 11.
1546 4545 1556 4575 ³
1572 4545 1634 4594 Bod.
1650 4561 1669 4595 1.
1681 4545 1714 4596 de
1725 4547 1787 4610 Rep.
1801 4558 1822 4610 7.

488 4621 576 4673 ‘Pell
589 4634 612 4684 5.
624 4621 687 4671 Con.
700 4637 722 4683 3.
737 4634 807 4681 c.15.
879 4621 961 4672 Cic.
973 4637 1019 4686 pro
1032 4623 1103 4672 Milo.
1117 4640 1139 4674 c.
1151 4641 1174 4688 4.
1241 4625 1428 4691 ⁸Diolib.3,8.
1496 4625 1589 4689 ⁷l.17.
1601 4627 1715 4678 deuiar.
1728 4628 1774 4690 (D.
1786 4628 1888 4692 43.16).
