4522 5570
715 732 774 785 DE
803 731 906 785 lura
938 731 1072 802 Batti,
1102 731 1228 800 LIBJ,
1261 731 1348 786 cap,
1373 731 1457 787 XXI.
1744 735 1786 803 95

390 982 499 1052 uenta,
518 976 612 1040 addit
636 977 758 1054 LiuiuS,
778 997 837 1040 nec
857 977 1026 1040 hominem
1048 979 1090 1040 de
1110 977 1214 1058 plebe,
1230 986 1267 1039 ut
1287 976 1375 1040 credi
1394 985 1505 1059 posset
1529 978 1680 1039 mercede
1703 976 1787 1039 mili·

389 1094 487 1162 tasse,
507 1087 565 1150 sed
584 1088 748 1170 principes
767 1089 900 1169 quidem
921 1089 1100 1151 iuuentutis
1121 1089 1254 1166 inuenti,
1271 1087 1446 1150 manifesta
1464 1087 1555 1165 fides,
1571 1109 1634 1170 ope
1655 1088 1788 1171 publica

391 1197 533 1262 Uolscos
548 1199 688 1264 adiutos.
732 1199 828 1283 Quae
846 1200 1086 1283 disputationes
1106 1210 1183 1263 sunt
1201 1221 1259 1284 pro
1275 1199 1339 1262 illis
1356 1198 1467 1276 Gallis,
1483 1201 1659 1281 dequibus
1675 1201 1788 1264 notaui

389 1320 488 1375 antea
504 1311 536 1374 in
553 1311 618 1376 fine
634 1313 751 1394 capitis
767 1313 884 1394 quarti.
923 1313 968 1375 Et
984 1313 1050 1376 scio
1067 1322 1178 1375 tamen
1194 1313 1396 1376 coniecturas
1411 1310 1471 1375 has
1487 1332 1558 1376 esse
1573 1312 1670 1375 ualde
1685 1313 1788 1376 incer-

389 1431 450 1488 tas.
495 1425 573 1488 Non
594 1426 695 1487 etiam
715 1425 922 1508 obstringent
939 1427 1196 1502 uniuersitatem,
1212 1425 1238 1487 si
1262 1425 1306 1487 illi
1328 1425 1416 1506 capti
1437 1425 1482 1487 sic
1503 1434 1617 1488 contra
1637 1425 1789 1489 ciuitates

390 1556 475 1614 suas,
493 1545 530 1600 ut
553 1536 665 1600 Latini
688 1536 743 1616 illi,
763 1546 796 1601 et
820 1537 956 1602 Hernici
979 1538 1093 1602 secisse
1116 1538 1276 1615 dicuntur,
1295 1537 1384 1619 quod
1408 1535 1542 1616 publico
1564 1545 1673 1600 essent
1698 1539 1788 1602 missi

390 1647 535 1727 consilio,
551 1657 757 1713 testarentur.
802 1649 922 1732 Neque
941 1651 1029 1713 enim
1050 1649 1111 1712 nisi
1128 1648 1200 1712 leue
1216 1649 1295 1712 sacit
1315 1647 1471 1712 indicium
1491 1649 1625 1711 testatio
1644 1650 1713 1712 eius
1732 1651 1788 1732 qui

391 1761 445 1839 ait,
465 1763 659 1825 mandatum
686 1761 747 1825 sibi
775 1761 972 1826 maleficium
999 1763 1150 1825 extitisse
1159 1760 1180 1826 ¹.
1225 1761 1304 1823 Non
1327 1761 1397 1823 eius
1422 1760 1540 1842 probat
1562 1761 1788 1824 testimonium

390 1873 446 1956 qui
464 1893 595 1955 sperare
616 1877 828 1938 commodum
847 1896 891 1938 ex
907 1896 946 1939 eo
962 1883 1072 1957 potest
1092 1874 1182 1956 quod
1201 1893 1260 1954 pro
1279 1873 1468 1937 testimonio
1483 1873 1571 1936 dicit.
1602 1883 1639 1936 ut
1657 1893 1789 1956 sperare

391 1986 444 2048 isti
461 1987 579 2068 priuati
598 1997 736 2069 possunt
756 1989 961 2052 maximum:
985 1988 1040 2069 qui
1059 1986 1109 2050 ius
1124 1986 1202 2050 belli
1217 1986 1263 2048 sic
1279 1985 1456 2062 habebunt,
1473 1985 1499 2048 si
1516 2007 1536 2048 a
1551 1986 1682 2067 publico
1698 1988 1788 2050 missi

391 2108 468 2161 sunt
477 2097 498 2162 2.
536 2099 572 2162 Si
587 2101 643 2181 qui
659 2120 736 2164 uere
750 2099 875 2164 habent
891 2101 1084 2163 mandatum
1100 2119 1120 2160 a
1136 2097 1276 2179 public0,
1292 2097 1404 2161 dicant
1418 2107 1539 2176 tamen,
1555 2117 1621 2160 non
1637 2118 1681 2160 ex
1698 2117 1790 2162 man-

390 2211 470 2274 dato
486 2211 602 2275 secisse
616 2233 659 2290 se,
676 2212 733 2276 sed
750 2221 869 2294 sponte
885 2233 963 2274 sua:
983 2231 1046 2292 ego
1061 2210 1212 2291 putarim,
1229 2230 1294 2272 non
1311 2230 1382 2273 esse
1398 2211 1566 2292 publicum
1583 2220 1788 2276 excusatum.

392 2324 453 2386 etsi
469 2323 502 2385 in
518 2324 590 2386 aliis
605 2325 734 2388 casibus
753 2325 799 2388 sic
820 2324 970 2388 excusari
992 2323 1167 2386 mandator
1187 2321 1272 2385 solet
1281 2320 1302 2386 ³.
1325 2342 1403 2385 nam
1418 2323 1471 2385 hic
1486 2332 1639 2386 tenentur
1655 2324 1790 2386 manda·

388 2433 462 2499 tatii
478 2435 531 2497 isti
550 2455 663 2518 parere
678 2436 786 2500 iussui.
810 2437 922 2517 itaque
938 2435 1139 2499 necessariae
1155 2455 1273 2498 causae
1288 2434 1386 2497 tribui
1403 2432 1527 2497 sactum
1542 2445 1693 2517 oporteat
1703 2433 1725 2499 ⁴.

434 2545 490 2610 Sic
526 2546 624 2628 igitur
656 2547 804 2628 priuatus
840 2567 904 2610 non
935 2556 1033 2610 nocet
1062 2545 1275 2609 uniuersitati.
1322 2545 1368 2608 Et
1398 2545 1444 2608 sic
1474 2546 1554 2608 illud
1586 2547 1618 2609 in
1648 2546 1789 2612 formula

390 2656 570 2733 foederum,
611 2657 651 2722 St
690 2671 854 2720 narsum
899 2670 1056 2721 Pusmco
1096 2669 1280 2720 cousuno.
1347 2639 1595 2738 Iniquissimum
1637 2658 1789 2722 uidelicet

391 2768 623 2844 existimarint,
644 2777 681 2832 ut
707 2790 790 2831 unus
816 2769 934 2852 aliquis
959 2768 1088 2832 trahere
1109 2768 1233 2831 bellum
1260 2776 1373 2832 contra
1395 2768 1574 2846 ciuitatem,
1595 2779 1652 2833 aut
1676 2780 1789 2833 contra

391 2901 529 2964 regnum
552 2881 717 2962 integrum
744 2881 856 2962 possit.
901 2880 1013 2964 Quam
1038 2881 1184 2962 priuatus
1206 2879 1285 2944 fecit
1307 2879 1465 2959 iniuriam,
1489 2901 1555 2943 non
1578 2881 1678 2945 debet
1701 2881 1791 2944 luere

392 2992 585 3075 respublica.
646 2993 724 3054 Rex
755 2991 883 3054 Galliae
913 2992 1180 3073 conquerebatur,
1212 3000 1339 3054 emtum
1370 2990 1522 3055 Uenetiis
1555 3002 1789 3074 commeatum,

391 3116 425 3169 et
440 3105 608 3187 puluerem
625 3103 882 3180 tormentarium,
898 3104 1141 3184 aduectumque
1155 3103 1306 3167 hostibus
1321 3103 1388 3167 suis
1398 3103 1420 3165 ⁵.
1467 3103 1535 3168 Sed
1551 3106 1790 3187 responderunt

392 3216 524 3296 Ueneti,
540 3217 708 3281 ciuitatem
724 3214 815 3278 illam
830 3214 975 3292 liberam,
991 3215 1047 3277 ubi
1067 3216 1189 3282 nemini
1205 3236 1364 3298 umquam
1383 3216 1593 3280 interdictum
1609 3218 1789 3298 negotiari:

392 3339 425 3392 et
443 3329 567 3393 sactum
586 3327 665 3390 illud
682 3348 701 3390 a
717 3327 854 3408 priuatis
875 3326 1110 3389 mercatoribus
1130 3326 1238 3392 luisse.
1282 3326 1350 3391 Sed
1373 3325 1516 3390 Romani
1536 3337 1648 3391 tamen
1667 3328 1791 3394 iustum

392 3460 458 3503 non
485 3447 651 3521 putarunt,
670 3439 760 3520 quod
787 3438 955 3519 respondit
979 3436 1092 3500 Teuca
1119 3437 1230 3518 regina
1258 3436 1453 3519 lllyriorum,
1474 3447 1660 3502 curaturam
1687 3461 1730 3519 se,
1750 3461 1791 3504 ne

393 3573 459 3634 qua
474 3552 516 3614 ab
533 3550 654 3631 Illyriis
670 3551 737 3612 suis
752 3549 867 3611 iniuria
883 3548 1013 3632 publice
1030 3548 1191 3612 Romanis
1205 3547 1394 3611 hominibus
1413 3548 1602 3614 inferretur:
1627 3552 1790 3632 priuatam

392 3671 505 3726 autem
524 3662 656 3744 Illyrios
671 3683 689 3725 e
705 3661 787 3723 mari
806 3681 923 3741 capere
939 3659 1115 3724 utilitatem
1134 3658 1314 3741 prohibere,
1331 3680 1397 3723 non
1416 3681 1487 3723 esse
1506 3661 1636 3742 regibus
1655 3683 1791 3726 consue-

393 3773 495 3838 tum⁶.
543 3773 632 3836 Nam
656 3772 896 3854 responderunt
918 3770 993 3833 huic
1017 3771 1220 3852 responsioni
1245 3770 1397 3847 Romani,
1420 3771 1547 3852 sibique
1570 3793 1695 3838 morem
1719 3795 1791 3838 esse

393 3885 566 3968 optimum,
583 3883 728 3964 priuatas
750 3881 882 3944 iniurias
901 3880 1010 3943 ulcisci
1034 3880 1172 3961 publice,
1189 3890 1223 3943 et
1245 3881 1356 3942 iuuare
1378 3880 1504 3944 laesos:
1527 3883 1676 3966 adeoque
1694 3886 1790 3948 datu-

393 4017 446 4060 ros
476 4014 620 4078 operam,
647 4001 683 4056 ut
709 4002 879 4074 cogeretur
906 3991 960 4055 illa
987 3991 1093 4072 regias
1118 3989 1296 4053 illiusmodi
1326 3993 1581 4057 consuetudines
1607 3999 1790 4063 emendare.

394 4110 509 4173 Recte.
541 4125 619 4170 nam
639 4113 773 4168 tenetur
787 4104 904 4167 ciuitas
923 4105 1028 4166 ciuem
1047 4101 1223 4166 defendere
1232 4103 1254 4165 ⁷.

438 4220 483 4284 Et
503 4218 555 4281 hic
568 4218 641 4282 dico
654 4237 726 4298 eg0,
738 4217 821 4279 duas
833 4235 905 4280 esse
918 4215 1126 4296 quaestiones
1139 4234 1145 4276 :
1165 4213 1311 4291 alteram,
1323 4213 1350 4275 si
1362 4213 1484 4276 sactum
1501 4215 1703 4296 priuatorum
1716 4217 1789 4283 ilico

447 4471 455 4500 ¹
471 4471 537 4522 Clar.
552 4475 563 4530 5
577 4468 601 4519 fi.
615 4484 639 4533 q.
652 4482 698 4524 213
715 4465 794 4531 Ceph.
807 4481 874 4515 cons.
889 4478 944 4527 113.
1021 4461 1031 4490 ²
1048 4463 1104 4511 Bar.
1116 4461 1133 4510 l.
1147 4461 1185 4510 18.
1197 4459 1228 4511 de
1240 4460 1273 4510 iu.
1285 4459 1310 4509 fi.
1325 4459 1369 4526 (D.
1381 4475 1421 4526 49.
1436 4461 1495 4523 14);
1512 4460 1568 4511 Alc.
1580 4461 1604 4512 6.
1615 4478 1683 4514 cons.
1697 4476 1734 4526 ¹5·

538 4554 548 4583 ³
565 4553 627 4602 Dec.
640 4564 663 4614 3.
676 4563 741 4601 cons.
757 4561 811 4610 104.
937 4545 946 4575 ¹
962 4545 978 4596 l.
994 4558 1016 4596 1.
1027 4544 1058 4594 de
1069 4543 1142 4594 solut.
1156 4542 1254 4608 (1246.
1268 4543 1303 4605 3).
1434 4541 1444 4572 ⁵
1460 4542 1547 4594 Guice.
1558 4544 1601 4596 lib.
1614 4559 1636 4608 5.

727 4631 815 4696 Polyb.
827 4629 871 4681 lib.
885 4643 906 4680 2.
919 4646 939 4679 c.
953 4629 975 4678 8.
1220 4625 1229 4654 i
1244 4623 1297 4674 Bal.
1309 4641 1332 4690 4.
1344 4641 1412 4676 cons.
1427 4627 1482 4678 106.
