4522 5570
750 682 811 735 oe
840 683 942 736 runa*
972 684 1104 749 sarar,
1135 686 1261 751 trau,
1294 685 1381 740 cna.
1404 685 1469 740 xrs.
1771 673 1812 754 69

413 929 468 1009 qui
482 928 576 991 nobis
588 927 677 992 chari
690 950 761 992 esse
772 929 895 993 debent
908 955 915 992 :
935 939 1019 994 teste
1033 931 1080 995 M.
1092 930 1211 994 Tullio.
1243 931 1332 1013 Quid
1345 932 1371 994 si
1384 931 1471 1009 socii,
1485 941 1518 994 et
1531 927 1711 994 foederati?
1733 929 1813 1011 ‘Qui

413 1043 421 1070 ‘
438 1060 503 1102 non
515 1040 652 1122 depellit
667 1042 816 1104 iniuriam
832 1063 851 1104 a
867 1043 964 1121 socio,
980 1043 1006 1104 si
1023 1052 1142 1124 potest,
1154 1053 1223 1106 tam
1241 1052 1290 1106 est
1307 1043 1340 1104 in
1355 1043 1435 1105 uitio
1451 1064 1551 1124 quam
1568 1042 1622 1106 ille
1637 1043 1693 1125 qui
1708 1040 1816 1107 facit:’

413 1149 610 1214 Ambrosius
620 1150 640 1215 ¹.
687 1152 732 1215 Et
753 1153 814 1234 ipsi
840 1173 900 1215 nos
923 1153 1091 1231 laedimur,
1114 1155 1140 1216 si
1164 1155 1241 1217 socii
1268 1135 1369 1216 nostri
1393 1153 1577 1217 laeduntur.
1608 1155 1697 1235 quod
1725 1152 1813 1234 apud

414 1261 547 1325 Liuium
557 1261 579 1326 ².
625 1263 716 1326 Male
735 1264 876 1328 loannes
900 1266 1046 1328 Bodinus
1069 1275 1189 1343 censet,
1206 1286 1270 1328 non
1290 1266 1393 1328 teneri
1411 1267 1536 1328 socium
1556 1275 1588 1328 et
1608 1265 1812 1329 foederatum

414 1374 503 1436 socio
521 1373 681 1436 auxilium
701 1374 791 1452 ferre,
807 1375 833 1438 si
853 1376 896 1438 de
911 1376 1042 1438 auxiliis
1061 1386 1193 1439 cautum
1213 1377 1246 1438 in
1265 1375 1396 1439 foedere
1415 1396 1480 1440 non
1496 1385 1546 1440 est
1562 1387 1596 1440 et
1613 1378 1813 1440 contrarium
1868 1427 1872 1435 .

413 1486 597 1548 ostenditur
619 1506 704 1549 nunc
724 1507 745 1549 a
765 1487 867 1564 nobiS,
886 1497 986 1569 atque
1007 1488 1107 1550 etiam
1128 1488 1320 1551 ostendetur
1340 1489 1373 1550 in
1395 1489 1492 1552 tertio
1512 1487 1596 1552 libro
1605 1488 1626 1552 ³.
1673 1489 1761 1571 Quid
1786 1489 1813 1552 si

413 1598 559 1660 eiusdem
582 1598 691 1680 gentis
715 1607 748 1661 et
771 1597 959 1680 sanguinis?
1004 1599 1181 1681 Agesilaus
1203 1601 1250 1663 ita
1272 1601 1415 1682 suscepit
1438 1600 1563 1663 bellum
1583 1601 1616 1662 in
1638 1601 1760 1679 Persae,
1777 1611 1813 1664 ut

414 1707 557 1771 Graecos
580 1707 747 1772 Asiaticos
771 1711 803 1771 in
826 1708 1013 1773 libertatern
1037 1709 1218 1775 affereret⁴.
1263 1709 1308 1774 Et
1332 1710 1527 1774 Germaniae
1550 1710 1662 1793 reguli,
1681 1721 1813 1774 uetusto

414 1840 504 1882 more
519 1820 636 1901 gentis,
648 1819 899 1901 implorantibus
916 1831 1064 1884 mutuam
1081 1841 1181 1903 opem
1198 1841 1263 1884 non
1278 1823 1403 1899 adesse,
1413 1821 1503 1885 nefas
1519 1821 1663 1904 putant⁵.
1688 1822 1813 1904 Quam-

413 1951 512 2012 quam
533 1929 597 1994 illic
616 1939 667 1994 est
685 1940 854 2012 praeterea
870 1931 1068 2013 reipublicae
1082 1931 1251 2014 quoddam
1270 1953 1408 2014 corpus:
1432 1941 1468 1996 ut
1486 1931 1697 1996 Achaeorum
1714 1933 1813 1995 fuisse

413 2043 491 2104 olim
516 2041 663 2105 traditur.
710 2042 799 2124 Quid
820 2043 847 2105 si
867 2043 1014 2106 eiusdem
1034 2041 1221 2126 religionis?
1267 2043 1440 2106 Sociantur
1458 2053 1574 2126 gentes
1592 2044 1719 2107 unitate
1741 2045 1813 2106 reli·

412 2154 519 2234 gionis
543 2153 656 2234 magia,
675 2174 775 2234 quam
798 2163 855 2216 aut
878 2154 955 2216 iuris
978 2153 1111 2218 alterius
1133 2155 1372 2232 communione,
1391 2163 1448 2217 aut
1467 2153 1607 2217 foederis
1629 2154 1780 2236 pactione
1790 2155 1812 2215 ⁰.

413 2262 459 2325 Et
481 2264 593 2346 itaque
616 2265 662 2327 sic
685 2265 915 2328 communione
938 2275 1098 2343 naturam,
1116 2264 1247 2328 foedere
1270 2266 1319 2327 ius
1341 2266 1499 2347 gentium,
1516 2265 1643 2346 legibus
1659 2265 1813 2347 rempub·

413 2376 518 2454 licam,
535 2375 691 2458 religione
715 2377 879 2439 communi
898 2372 947 2460 (re
969 2377 1117 2439 omnium
1141 2373 1382 2462 potentissima)
1401 2378 1526 2440 uiscera
1552 2376 1723 2439 hominum
1752 2377 1813 2438 im-

412 2486 588 2568 ploramus,
613 2487 737 2550 eteius
763 2489 876 2565 sancti,
899 2488 955 2569 qui
978 2488 1217 2552 communionis
1240 2488 1333 2551 istius
1359 2498 1459 2570 caput
1486 2497 1544 2551 est.
1605 2487 1661 2551 Sic
1687 2485 1812 2550 bellum

413 2618 488 2661 cum
515 2597 640 2662 Persis:
671 2598 749 2680 quia
770 2600 817 2661 eis
842 2597 999 2680 perfugae
1026 2618 1091 2660 non
1117 2598 1361 2663 reddebantur:
1394 2607 1427 2662 et
1454 2618 1519 2661 non
1547 2598 1770 2662 reddebantur
1792 2619 1813 2662 a

414 2709 582 2787 Romanis,
600 2709 655 2791 qui
675 2709 848 2773 noluerunt
866 2710 1036 2792 despicere
1054 2710 1227 2792 supplices,
1246 2709 1445 2792 professores
1466 2730 1577 2773 secum
1597 2709 1743 2774 eiusdem
1763 2731 1813 2774 re-

412 2819 550 2903 ligionis,
572 2821 729 2902 profugos
747 2841 767 2884 a
785 2821 979 2885 crudelitate
1002 2821 1173 2885 Persarum
1183 2821 1206 2885 ⁷.
1251 2820 1329 2885 Hoc
1352 2820 1452 2884 modo
1476 2820 1621 2884 Iustinus
1644 2821 1813 2904 respondit

414 2932 539 3011 Persae,
556 2933 661 2996 facere
684 2953 719 2996 se
742 2953 807 2996 non
823 2955 927 3016 posse,
943 2934 1023 3015 quin
1046 2932 1203 3015 reciperet
1227 2932 1417 3015 religionem
1443 2931 1672 3012 Christianam,
1691 2933 1813 2998 descis-

412 3056 542 3109 centem
565 3045 607 3108 ad
630 3065 665 3108 se
687 3066 709 3108 a
731 3045 837 3124 Persa,
862 3047 917 3127 qui
941 3046 1081 3128 cogebat
1104 3067 1160 3110 eos
1183 3046 1333 3108 deserere
1360 3045 1549 3126 religionem
1580 3044 1812 3109 Christianam.

413 3155 459 3218 Et
478 3157 580 3219 nostri
599 3156 645 3218 sic
661 3155 804 3232 tradunt,
823 3157 947 3220 moueri
966 3155 1090 3220 bellum
1109 3177 1214 3239 posse,
1231 3157 1257 3219 si
1274 3156 1375 3238 aliqui
1390 3157 1538 3219 conuersi
1557 3157 1600 3219 ad
1620 3155 1812 3238 religionem

413 3266 642 3346 Christianam,
658 3277 883 3348 premerentur
897 3289 917 3331 a
933 3269 999 3331 suis
1015 3268 1165 3347 dominis
1182 3278 1215 3331 et
1235 3267 1316 3332 illud
1332 3278 1467 3351 propter
1484 3268 1534 3331 ius
1549 3268 1718 3332 societatis
1734 3288 1811 3332 con-

412 3387 553 3443 tractum
578 3399 622 3441 ex
645 3377 892 3442 conuersione⁸.
938 3377 1049 3457 Adde,
1065 3399 1150 3461 quae
1169 3380 1212 3443 de
1234 3377 1297 3442 hoc
1316 3379 1387 3442 dixi
1410 3379 1510 3442 etiarn
1530 3380 1563 3441 in
1583 3381 1691 3462 capite
1713 3400 1812 3442 nono.

412 3488 503 3571 Quid
529 3489 556 3551 si
585 3488 704 3552 uicini?
759 3489 868 3572 ‘Quid
896 3487 1005 3553 enim?
1038 3487 1116 3552 mihi
1147 3490 1189 3552 ad
1217 3488 1463 3553 defendendum
1494 3489 1665 3553 Plancium
1695 3510 1813 3571 parum

413 3603 420 3632 ‘
436 3600 568 3679 multae,
588 3621 704 3683 parum
725 3602 830 3664 iustae
849 3601 1108 3665 necessitudines
1126 3611 1227 3679 erant,
1246 3600 1485 3679 familiaritatis,
1505 3601 1690 3679 uicinitatis
1711 3601 1814 3683 patris

412 3711 636 3776 ‘amicitiae?’
660 3712 775 3776 Cicero
801 3712 848 3775 ait
857 3713 878 3777 ⁹.
924 3712 969 3775 Et
995 3711 1048 3776 hic
1075 3733 1191 3776 caussa
1215 3722 1327 3775 nostra
1350 3721 1408 3776 est.
1454 3713 1597 3775 ‘Nostra
1621 3733 1671 3775 res
1694 3712 1812 3793 agitur,

411 3825 543 3905 ‘paries
571 3826 651 3887 dum
678 3823 851 3906 proximus
874 3825 968 3887 ardet
978 3819 1022 3886 ¹⁰?
1067 3823 1156 3886 Nam
1180 3823 1207 3884 si
1231 3842 1313 3904 quas
1336 3822 1421 3904 ignis
1439 3823 1539 3885 aedes
1558 3823 1667 3903 coepit
1685 3822 1811 3898 acriter,

412 3935 547 3999 defensu
570 3936 659 3999 haud
683 3934 777 3998 facile
800 3943 886 4010 sunt,
910 3934 988 4016 quin
1012 3943 1045 3997 et
1068 3931 1241 4016 proximae
1264 3933 1499 3997 comburantur
1510 3931 1542 3996 ¹¹.
1580 3933 1669 4013 quod
1691 3931 1811 3995 alicubi

412 4059 481 4112 erat
508 4049 596 4130 apud
624 4045 829 4111 Sallustium.
875 4046 921 4110 Et
948 4066 1034 4110 nunc
1061 4054 1111 4110 est
1137 4046 1226 4128 apud
1255 4045 1422 4120 Ouidium,
1445 4043 1641 4107 ‘Proximus
1667 4063 1687 4108 a
1713 4043 1812 4107 tectis

442 4310 451 4341 ¹
469 4313 557 4361 Ambr.
574 4327 594 4361 1.
607 4314 638 4363 de
649 4312 698 4363 off.
827 4313 837 4342 ¹
856 4312 910 4363 Liu.
923 4327 961 4375 31.
974 4325 1013 4376 34.
1145 4310 1155 4339 ¹
1172 4310 1234 4359 Bod.
1249 4322 1272 4372 5.
1285 4309 1316 4358 de
1328 4310 1390 4372 Rep.
1401 4306 1447 4360 ult.
1577 4310 1586 4339 ⁴
1604 4309 1660 4360 Plu.
1674 4309 1775 4375 Apopb.

525 4395 535 4424 ¹
551 4395 605 4446 Iou.
619 4397 663 4447 lib.
679 4412 718 4461 23.
817 4395 828 4426 ⁰
844 4397 917 4446 Oros.
929 4396 972 4446 lib.
986 4410 1007 4458 5.
1022 4412 1044 4446 c.
1058 4409 1079 4444 2.
1178 4392 1189 4422 ⁷
1204 4393 1310 4458 Procop.
1325 4405 1335 4440 1
1350 4392 1416 4441 Pers.
1425 4408 1431 4448 ;
1443 4391 1509 4443 Call.
1522 4392 1566 4443 lib.
1581 4405 1618 4457 17.
1631 4409 1653 4444 c.
1669 4404 1708 4456 37.

568 4479 579 4508 ⁸
596 4479 651 4530 Alc.
663 4480 680 4528 l.
694 4483 732 4540 38.
746 4485 758 4540 ᾗ
772 4479 882 4531 Sacram.
893 4480 924 4530 de
936 4481 967 4530 U.
980 4479 1012 4529 Ο.
1027 4479 1071 4541 (D.
1084 4493 1123 4542 45.
1139 4479 1172 4532 ι).
1360 4473 1370 4503 ¹
1387 4475 1440 4526 Cic.
1453 4491 1499 4540 pro
1511 4475 1595 4527 Plane.
1610 4491 1647 4526 πο.

476 4561 494 4590 ¹⁰
513 4561 603 4612 Horat.
615 4561 695 4628 Epist.
709 4577 730 4612 1.
747 4562 783 4612 18.
799 4562 846 4626 84;
866 4566 931 4627 Ang.
944 4562 960 4612 l.
975 4561 1073 4613 adele.
1086 4561 1150 4612 Rho.
1165 4560 1209 4624 (Ι).
1225 4573 1261 4623 14.
1277 4559 1311 4620 π).
1535 4559 1552 4588 ¹¹
1570 4558 1655 4610 Chari.
1668 4558 1711 4609 lib.
1727 4573 1748 4608 ι.
