<?xml version="1.0" encoding="UTF-8"?>
<!DOCTYPE html PUBLIC "-//W3C//DTD XHTML 1.0 Transitional//EN"
    "http://www.w3.org/TR/xhtml1/DTD/xhtml1-transitional.dtd">
<html xmlns="http://www.w3.org/1999/xhtml" xml:lang="en" lang="en">
 <head>
  <title>
</title>
<meta http-equiv="Content-Type" content="text/html;charset=utf-8" />
  <meta name='ocr-system' content='tesseract 3.04.00' />
  <meta name='ocr-capabilities' content='ocr_page ocr_carea ocr_par ocr_line ocrx_word'/>
</head>
<body>
  <div class='ocr_page' id='page_1' title='image "albericigentili00gentgoog_0163.png"; bbox 0 0 4522 5570; ppageno 0'>
   <div class='ocr_carea' id='block_1_1' title="bbox 723 753 1775 831">
    <p class='ocr_par' dir='ltr' id='par_1_1' title="bbox 723 753 1775 831">
     <span class='ocr_line' id='line_1_1' title="bbox 723 753 1775 831; baseline 0.001 -24"><span class='ocrx_word' id='word_1_1' title='bbox 723 753 783 807; x_wconf 87' lang='lat' dir='ltr'>DE</span> <span class='ocrx_word' id='word_1_2' title='bbox 811 753 915 807; x_wconf 85' lang='lat' dir='ltr'><em>IURE</em></span> <span class='ocrx_word' id='word_1_3' title='bbox 944 753 1079 824; x_wconf 88' lang='lat' dir='ltr'>BELLI,</span> <span class='ocrx_word' id='word_1_4' title='bbox 1109 754 1189 810; x_wconf 88' lang='lat' dir='ltr'><em>LIB.</em></span> <span class='ocrx_word' id='word_1_5' title='bbox 1211 754 1253 824; x_wconf 88' lang='lat' dir='ltr'>Il,</span> <span class='ocrx_word' id='word_1_6' title='bbox 1286 755 1373 810; x_wconf 74' lang='lat' dir='ltr'><em>CAP.</em></span> <span class='ocrx_word' id='word_1_7' title='bbox 1396 755 1438 810; x_wconf 89' lang='lat' dir='ltr'>Il.</span> <span class='ocrx_word' id='word_1_8' title='bbox 1720 765 1775 831; x_wconf 84' lang='lat'>131</span> 
     </span>
    </p>
   </div>
   <div class='ocr_carea' id='block_1_2' title="bbox 379 997 1782 4492">
    <p class='ocr_par' dir='ltr' id='par_1_2' title="bbox 379 997 1782 2303">
     <span class='ocr_line' id='line_1_2' title="bbox 380 997 1781 1081; baseline 0.001 -21"><span class='ocrx_word' id='word_1_9' title='bbox 380 999 508 1061; x_wconf 82' lang='lat' dir='ltr'>‘ribus’</span> <span class='ocrx_word' id='word_1_10' title='bbox 554 999 593 1061; x_wconf 89' lang='lat' dir='ltr'>ln</span> <span class='ocrx_word' id='word_1_11' title='bbox 609 999 732 1062; x_wconf 87' lang='lat' dir='ltr'>caussis</span> <span class='ocrx_word' id='word_1_12' title='bbox 750 1008 862 1062; x_wconf 89' lang='lat' dir='ltr'>tamen</span> <span class='ocrx_word' id='word_1_13' title='bbox 881 998 1092 1078; x_wconf 89' lang='lat' dir='ltr'>imperiorum</span> <span class='ocrx_word' id='word_1_14' title='bbox 1108 997 1193 1060; x_wconf 82' lang='lat' dir='ltr'>sorte</span> <span class='ocrx_word' id='word_1_15' title='bbox 1211 998 1293 1060; x_wconf 90' lang='lat' dir='ltr'>ratio</span> <span class='ocrx_word' id='word_1_16' title='bbox 1309 999 1440 1062; x_wconf 89' lang='lat' dir='ltr'>diuersa</span> <span class='ocrx_word' id='word_1_17' title='bbox 1458 1008 1516 1077; x_wconf 87' lang='lat' dir='ltr'>est,</span> <span class='ocrx_word' id='word_1_18' title='bbox 1532 1009 1568 1062; x_wconf 94' lang='lat' dir='ltr'>ut</span> <span class='ocrx_word' id='word_1_19' title='bbox 1587 1000 1781 1081; x_wconf 83' lang='lat' dir='ltr'>reciperatio</span> 
     </span>
     <span class='ocr_line' id='line_1_3' title="bbox 379 1109 1781 1190; baseline 0.002 -20"><span class='ocrx_word' id='word_1_20' title='bbox 379 1109 442 1172; x_wconf 90' lang='lat' dir='ltr'>ista</span> <span class='ocrx_word' id='word_1_21' title='bbox 464 1110 563 1172; x_wconf 89' lang='lat' dir='ltr'>etiam</span> <span class='ocrx_word' id='word_1_22' title='bbox 583 1110 777 1173; x_wconf 86' lang='lat' dir='ltr'>admittatur</span> <span class='ocrx_word' id='word_1_23' title='bbox 795 1118 908 1173; x_wconf 92' lang='lat' dir='ltr'>contra</span> <span class='ocrx_word' id='word_1_24' title='bbox 928 1129 984 1172; x_wconf 91' lang='lat' dir='ltr'>eos</span> <span class='ocrx_word' id='word_1_25' title='bbox 1007 1109 1063 1190; x_wconf 94' lang='lat' dir='ltr'>qui</span> <span class='ocrx_word' id='word_1_26' title='bbox 1086 1109 1205 1170; x_wconf 90' lang='lat' dir='ltr'>reuersi</span> <span class='ocrx_word' id='word_1_27' title='bbox 1227 1109 1269 1171; x_wconf 90' lang='lat' dir='ltr'>ad</span> <span class='ocrx_word' id='word_1_28' title='bbox 1291 1129 1368 1171; x_wconf 93' lang='lat' dir='ltr'>suos</span> <span class='ocrx_word' id='word_1_29' title='bbox 1391 1119 1475 1188; x_wconf 92' lang='lat' dir='ltr'>sunt,</span> <span class='ocrx_word' id='word_1_30' title='bbox 1497 1111 1721 1188; x_wconf 87' lang='lat' dir='ltr'>incontinenti,</span> <span class='ocrx_word' id='word_1_31' title='bbox 1744 1121 1781 1174; x_wconf 89' lang='lat' dir='ltr'>ut</span> 
     </span>
     <span class='ocr_line' id='line_1_4' title="bbox 380 1219 1780 1301; baseline 0.002 -19"><span class='ocrx_word' id='word_1_32' title='bbox 380 1229 429 1282; x_wconf 90' lang='lat' dir='ltr'>est</span> <span class='ocrx_word' id='word_1_33' title='bbox 453 1221 667 1301; x_wconf 86' lang='lat' dir='ltr'>interpretum</span> <span class='ocrx_word' id='word_1_34' title='bbox 689 1222 860 1298; x_wconf 89' lang='lat' dir='ltr'>sententia,</span> <span class='ocrx_word' id='word_1_35' title='bbox 879 1229 955 1301; x_wconf 92' lang='lat' dir='ltr'>post</span> <span class='ocrx_word' id='word_1_36' title='bbox 977 1219 1074 1282; x_wconf 90' lang='lat' dir='ltr'>horas</span> <span class='ocrx_word' id='word_1_37' title='bbox 1097 1229 1130 1281; x_wconf 90' lang='lat' dir='ltr'>et</span> <span class='ocrx_word' id='word_1_38' title='bbox 1152 1228 1228 1300; x_wconf 91' lang='lat' dir='ltr'>post</span> <span class='ocrx_word' id='word_1_39' title='bbox 1251 1220 1322 1282; x_wconf 90' lang='lat' dir='ltr'>dies</span> <span class='ocrx_word' id='word_1_40' title='bbox 1344 1239 1418 1282; x_wconf 92' lang='lat' dir='ltr'>curn</span> <span class='ocrx_word' id='word_1_41' title='bbox 1442 1221 1584 1300; x_wconf 90' lang='lat' dir='ltr'>primum</span> <span class='ocrx_word' id='word_1_42' title='bbox 1607 1223 1668 1284; x_wconf 90' lang='lat' dir='ltr'>erit</span> <span class='ocrx_word' id='word_1_43' title='bbox 1691 1243 1780 1285; x_wconf 94' lang='lat' dir='ltr'>com·</span> 
     </span>
     <span class='ocr_line' id='line_1_5' title="bbox 381 1330 1781 1414; baseline 0.002 -21"><span class='ocrx_word' id='word_1_44' title='bbox 381 1333 516 1394; x_wconf 93' lang='lat' dir='ltr'>modum</span> <span class='ocrx_word' id='word_1_45' title='bbox 527 1330 547 1395; x_wconf 88' lang='lat'>¹.</span> <span class='ocrx_word' id='word_1_46' title='bbox 593 1333 682 1395; x_wconf 93' lang='lat' dir='ltr'>Nam</span> <span class='ocrx_word' id='word_1_47' title='bbox 701 1341 737 1394; x_wconf 94' lang='lat' dir='ltr'>ut</span> <span class='ocrx_word' id='word_1_48' title='bbox 753 1333 786 1394; x_wconf 95' lang='lat' dir='ltr'>in</span> <span class='ocrx_word' id='word_1_49' title='bbox 805 1331 928 1394; x_wconf 92' lang='lat' dir='ltr'>caussis</span> <span class='ocrx_word' id='word_1_50' title='bbox 946 1332 1150 1413; x_wconf 90' lang='lat' dir='ltr'>priuatorum</span> <span class='ocrx_word' id='word_1_51' title='bbox 1169 1350 1231 1411; x_wconf 86' lang='lat' dir='ltr'>ego</span> <span class='ocrx_word' id='word_1_52' title='bbox 1250 1351 1316 1393; x_wconf 91' lang='lat' dir='ltr'>non</span> <span class='ocrx_word' id='word_1_53' title='bbox 1332 1332 1470 1412; x_wconf 88' lang='lat' dir='ltr'>probem</span> <span class='ocrx_word' id='word_1_54' title='bbox 1486 1331 1700 1414; x_wconf 80' lang='lat' dir='ltr'>interpretes3</span> <span class='ocrx_word' id='word_1_55' title='bbox 1725 1334 1781 1396; x_wconf 87' lang='lat' dir='ltr'>illa</span> 
     </span>
     <span class='ocr_line' id='line_1_6' title="bbox 380 1441 1781 1524; baseline 0.001 -19"><span class='ocrx_word' id='word_1_56' title='bbox 380 1445 463 1506; x_wconf 90' lang='lat' dir='ltr'>ratio</span> <span class='ocrx_word' id='word_1_57' title='bbox 486 1451 545 1520; x_wconf 90' lang='lat' dir='ltr'>est,</span> <span class='ocrx_word' id='word_1_58' title='bbox 560 1444 649 1524; x_wconf 94' lang='lat' dir='ltr'>quod</span> <span class='ocrx_word' id='word_1_59' title='bbox 674 1443 822 1524; x_wconf 88' lang='lat' dir='ltr'>priuatus</span> <span class='ocrx_word' id='word_1_60' title='bbox 845 1444 878 1504; x_wconf 90' lang='lat' dir='ltr'>in</span> <span class='ocrx_word' id='word_1_61' title='bbox 901 1463 936 1504; x_wconf 90' lang='lat' dir='ltr'>re</span> <span class='ocrx_word' id='word_1_62' title='bbox 959 1452 1054 1524; x_wconf 90' lang='lat' dir='ltr'>rapta</span> <span class='ocrx_word' id='word_1_63' title='bbox 1072 1441 1199 1504; x_wconf 91' lang='lat' dir='ltr'>nullum</span> <span class='ocrx_word' id='word_1_64' title='bbox 1218 1442 1279 1505; x_wconf 92' lang='lat' dir='ltr'>sibi</span> <span class='ocrx_word' id='word_1_65' title='bbox 1298 1443 1348 1504; x_wconf 92' lang='lat' dir='ltr'>ius</span> <span class='ocrx_word' id='word_1_66' title='bbox 1366 1452 1460 1522; x_wconf 89' lang='lat' dir='ltr'>parat</span> <span class='ocrx_word' id='word_1_67' title='bbox 1480 1443 1593 1518; x_wconf 79' lang='lat' dir='ltr'>maiuS,</span> <span class='ocrx_word' id='word_1_68' title='bbox 1611 1444 1670 1506; x_wconf 87' lang='lat' dir='ltr'>etsi</span> <span class='ocrx_word' id='word_1_69' title='bbox 1690 1453 1781 1507; x_wconf 90' lang='lat' dir='ltr'>tenet</span> 
     </span>
     <span class='ocr_line' id='line_1_7' title="bbox 379 1552 1781 1635; baseline -0.001 -17"><span class='ocrx_word' id='word_1_70' title='bbox 379 1555 511 1618; x_wconf 83' lang='lat' dir='ltr'>diutius</span> <span class='ocrx_word' id='word_1_71' title='bbox 542 1563 576 1616; x_wconf 90' lang='lat' dir='ltr'>at</span> <span class='ocrx_word' id='word_1_72' title='bbox 599 1556 632 1616; x_wconf 90' lang='lat' dir='ltr'>in</span> <span class='ocrx_word' id='word_1_73' title='bbox 656 1553 794 1635; x_wconf 92' lang='lat' dir='ltr'>publicis</span> <span class='ocrx_word' id='word_1_74' title='bbox 819 1552 990 1615; x_wconf 87' lang='lat' dir='ltr'>roboratur</span> <span class='ocrx_word' id='word_1_75' title='bbox 1011 1553 1067 1634; x_wconf 94' lang='lat' dir='ltr'>qui</span> <span class='ocrx_word' id='word_1_76' title='bbox 1091 1553 1207 1634; x_wconf 89' lang='lat' dir='ltr'>rapuit,</span> <span class='ocrx_word' id='word_1_77' title='bbox 1230 1553 1258 1615; x_wconf 94' lang='lat' dir='ltr'>si</span> <span class='ocrx_word' id='word_1_78' title='bbox 1281 1573 1428 1616; x_wconf 89' lang='lat' dir='ltr'>reuersus</span> <span class='ocrx_word' id='word_1_79' title='bbox 1451 1554 1493 1615; x_wconf 90' lang='lat' dir='ltr'>ad</span> <span class='ocrx_word' id='word_1_80' title='bbox 1515 1573 1593 1616; x_wconf 89' lang='lat' dir='ltr'>suos</span> <span class='ocrx_word' id='word_1_81' title='bbox 1613 1553 1781 1635; x_wconf 86' lang='lat' dir='ltr'>collegerit</span> 
     </span>
     <span class='ocr_line' id='line_1_8' title="bbox 380 1663 1782 1746; baseline -0.001 -19"><span class='ocrx_word' id='word_1_82' title='bbox 380 1686 423 1740; x_wconf 90' lang='lat' dir='ltr'>se,</span> <span class='ocrx_word' id='word_1_83' title='bbox 441 1675 474 1728; x_wconf 92' lang='lat' dir='ltr'>et</span> <span class='ocrx_word' id='word_1_84' title='bbox 497 1663 740 1728; x_wconf 90' lang='lat' dir='ltr'>confirmauerit</span> <span class='ocrx_word' id='word_1_85' title='bbox 763 1665 806 1728; x_wconf 90' lang='lat' dir='ltr'>ad</span> <span class='ocrx_word' id='word_1_86' title='bbox 830 1665 1048 1727; x_wconf 89' lang='lat' dir='ltr'>resistendum</span> <span class='ocrx_word' id='word_1_87' title='bbox 1072 1665 1167 1727; x_wconf 90' lang='lat' dir='ltr'>uires.</span> <span class='ocrx_word' id='word_1_88' title='bbox 1215 1663 1301 1726; x_wconf 94' lang='lat' dir='ltr'>Illud</span> <span class='ocrx_word' id='word_1_89' title='bbox 1325 1665 1468 1746; x_wconf 93' lang='lat' dir='ltr'>primum</span> <span class='ocrx_word' id='word_1_90' title='bbox 1491 1673 1623 1745; x_wconf 91' lang='lat' dir='ltr'>tempus</span> <span class='ocrx_word' id='word_1_91' title='bbox 1646 1667 1782 1727; x_wconf 89' lang='lat' dir='ltr'>reuersi-</span> 
     </span>
     <span class='ocr_line' id='line_1_9' title="bbox 381 1774 1781 1858; baseline 0 -20"><span class='ocrx_word' id='word_1_92' title='bbox 381 1777 453 1838; x_wconf 92' lang='lat' dir='ltr'>onis</span> <span class='ocrx_word' id='word_1_93' title='bbox 475 1775 627 1858; x_wconf 91' lang='lat' dir='ltr'>deputari</span> <span class='ocrx_word' id='word_1_94' title='bbox 649 1775 819 1839; x_wconf 86' lang='lat' dir='ltr'>absentiae</span> <span class='ocrx_word' id='word_1_95' title='bbox 841 1777 942 1838; x_wconf 90' lang='lat' dir='ltr'>etiam</span> <span class='ocrx_word' id='word_1_96' title='bbox 963 1774 1041 1838; x_wconf 93' lang='lat' dir='ltr'>alibi</span> <span class='ocrx_word' id='word_1_97' title='bbox 1063 1775 1148 1837; x_wconf 89' lang='lat' dir='ltr'>solet</span> <span class='ocrx_word' id='word_1_98' title='bbox 1167 1782 1301 1856; x_wconf 91' lang='lat' dir='ltr'>propter</span> <span class='ocrx_word' id='word_1_99' title='bbox 1320 1794 1371 1837; x_wconf 92' lang='lat' dir='ltr'>res</span> <span class='ocrx_word' id='word_1_100' title='bbox 1389 1775 1497 1837; x_wconf 91' lang='lat' dir='ltr'>adhuc</span> <span class='ocrx_word' id='word_1_101' title='bbox 1515 1775 1749 1856; x_wconf 88' lang='lat' dir='ltr'>incompositas</span> <span class='ocrx_word' id='word_1_102' title='bbox 1758 1774 1781 1839; x_wconf 73' lang='lat'>².</span> 
     </span>
     <span class='ocr_line' id='line_1_10' title="bbox 380 1886 1782 1966; baseline -0.001 -16"><span class='ocrx_word' id='word_1_103' title='bbox 380 1887 431 1950; x_wconf 85' lang='lat' dir='ltr'>At</span> <span class='ocrx_word' id='word_1_104' title='bbox 453 1897 551 1950; x_wconf 91' lang='lat' dir='ltr'>teneo</span> <span class='ocrx_word' id='word_1_105' title='bbox 573 1897 695 1965; x_wconf 91' lang='lat' dir='ltr'>tamen,</span> <span class='ocrx_word' id='word_1_106' title='bbox 718 1906 784 1949; x_wconf 91' lang='lat' dir='ltr'>non</span> <span class='ocrx_word' id='word_1_107' title='bbox 805 1886 902 1949; x_wconf 90' lang='lat' dir='ltr'>licere</span> <span class='ocrx_word' id='word_1_108' title='bbox 924 1886 1005 1950; x_wconf 93' lang='lat' dir='ltr'>citra</span> <span class='ocrx_word' id='word_1_109' title='bbox 1028 1886 1315 1949; x_wconf 88' lang='lat' dir='ltr'>denunciationem</span> <span class='ocrx_word' id='word_1_110' title='bbox 1341 1905 1439 1966; x_wconf 88' lang='lat' dir='ltr'>agere</span> <span class='ocrx_word' id='word_1_111' title='bbox 1465 1905 1541 1948; x_wconf 92' lang='lat' dir='ltr'>cum</span> <span class='ocrx_word' id='word_1_112' title='bbox 1568 1886 1713 1948; x_wconf 89' lang='lat' dir='ltr'>reuersis.</span> <span class='ocrx_word' id='word_1_113' title='bbox 1744 1895 1782 1949; x_wconf 88' lang='lat' dir='ltr'>ut</span> 
     </span>
     <span class='ocr_line' id='line_1_11' title="bbox 381 1994 1780 2080; baseline 0 -20"><span class='ocrx_word' id='word_1_114' title='bbox 381 1999 428 2062; x_wconf 91' lang='lat' dir='ltr'>sic</span> <span class='ocrx_word' id='word_1_115' title='bbox 446 1997 601 2080; x_wconf 87' lang='lat' dir='ltr'>exempla</span> <span class='ocrx_word' id='word_1_116' title='bbox 616 1999 761 2074; x_wconf 91' lang='lat' dir='ltr'>uincunt‚</span> <span class='ocrx_word' id='word_1_117' title='bbox 776 2008 810 2061; x_wconf 89' lang='lat' dir='ltr'>et</span> <span class='ocrx_word' id='word_1_118' title='bbox 833 1997 1032 2061; x_wconf 88' lang='lat' dir='ltr'>conuincunt</span> <span class='ocrx_word' id='word_1_119' title='bbox 1054 1997 1244 2078; x_wconf 90' lang='lat' dir='ltr'>supradicta</span> <span class='ocrx_word' id='word_1_120' title='bbox 1262 1997 1305 2058; x_wconf 92' lang='lat' dir='ltr'>de</span> <span class='ocrx_word' id='word_1_121' title='bbox 1327 2006 1417 2059; x_wconf 90' lang='lat' dir='ltr'>recto</span> <span class='ocrx_word' id='word_1_122' title='bbox 1439 1996 1508 2058; x_wconf 88' lang='lat' dir='ltr'>iure</span> <span class='ocrx_word' id='word_1_123' title='bbox 1530 1994 1780 2078; x_wconf 90' lang='lat' dir='ltr'>postulatorum.</span> 
     </span>
     <span class='ocr_line' id='line_1_12' title="bbox 382 2107 1780 2189; baseline -0.002 -18"><span class='ocrx_word' id='word_1_124' title='bbox 382 2111 528 2172; x_wconf 87' lang='lat' dir='ltr'>maxime</span> <span class='ocrx_word' id='word_1_125' title='bbox 550 2130 628 2172; x_wconf 89' lang='lat' dir='ltr'>uero</span> <span class='ocrx_word' id='word_1_126' title='bbox 650 2109 729 2172; x_wconf 81' lang='lat' dir='ltr'>lacit</span> <span class='ocrx_word' id='word_1_127' title='bbox 751 2109 842 2186; x_wconf 89' lang='lat' dir='ltr'>rati0,</span> <span class='ocrx_word' id='word_1_128' title='bbox 861 2109 951 2189; x_wconf 94' lang='lat' dir='ltr'>quod</span> <span class='ocrx_word' id='word_1_129' title='bbox 974 2107 1027 2170; x_wconf 92' lang='lat' dir='ltr'>hic</span> <span class='ocrx_word' id='word_1_130' title='bbox 1051 2127 1118 2170; x_wconf 90' lang='lat' dir='ltr'>non</span> <span class='ocrx_word' id='word_1_131' title='bbox 1140 2129 1160 2170; x_wconf 91' lang='lat' dir='ltr'>a</span> <span class='ocrx_word' id='word_1_132' title='bbox 1183 2107 1324 2188; x_wconf 92' lang='lat' dir='ltr'>publico,</span> <span class='ocrx_word' id='word_1_133' title='bbox 1347 2108 1403 2169; x_wconf 90' lang='lat' dir='ltr'>sed</span> <span class='ocrx_word' id='word_1_134' title='bbox 1428 2128 1448 2168; x_wconf 90' lang='lat' dir='ltr'>a</span> <span class='ocrx_word' id='word_1_135' title='bbox 1471 2107 1606 2189; x_wconf 91' lang='lat' dir='ltr'>priuatis</span> <span class='ocrx_word' id='word_1_136' title='bbox 1632 2109 1780 2188; x_wconf 88' lang='lat' dir='ltr'>rapinam</span> 
     </span>
     <span class='ocr_line' id='line_1_13' title="bbox 381 2217 1700 2303; baseline -0.004 -21"><span class='ocrx_word' id='word_1_137' title='bbox 381 2220 449 2283; x_wconf 86' lang='lat' dir='ltr'>fieri</span> <span class='ocrx_word' id='word_1_138' title='bbox 465 2221 640 2303; x_wconf 92' lang='lat' dir='ltr'>ponimus:</span> <span class='ocrx_word' id='word_1_139' title='bbox 663 2229 763 2301; x_wconf 90' lang='lat' dir='ltr'>atque</span> <span class='ocrx_word' id='word_1_140' title='bbox 778 2219 853 2282; x_wconf 92' lang='lat' dir='ltr'>ideo</span> <span class='ocrx_word' id='word_1_141' title='bbox 868 2217 992 2281; x_wconf 90' lang='lat' dir='ltr'>bellum</span> <span class='ocrx_word' id='word_1_142' title='bbox 1008 2239 1079 2281; x_wconf 88' lang='lat' dir='ltr'>esse</span> <span class='ocrx_word' id='word_1_143' title='bbox 1094 2227 1207 2281; x_wconf 91' lang='lat' dir='ltr'>contra</span> <span class='ocrx_word' id='word_1_144' title='bbox 1223 2217 1392 2298; x_wconf 90' lang='lat' dir='ltr'>publicum</span> <span class='ocrx_word' id='word_1_145' title='bbox 1408 2225 1551 2298; x_wconf 89' lang='lat' dir='ltr'>nequeat</span> <span class='ocrx_word' id='word_1_146' title='bbox 1566 2225 1700 2280; x_wconf 90' lang='lat' dir='ltr'>statum.</span> 
     </span>
    </p>

    <p class='ocr_par' dir='ltr' id='par_1_3' title="bbox 379 2327 1782 3630">
     <span class='ocr_line' id='line_1_14' title="bbox 425 2327 1782 2412; baseline -0.003 -18"><span class='ocrx_word' id='word_1_147' title='bbox 425 2331 646 2394; x_wconf 91' lang='lat' dir='ltr'>Denunciatio</span> <span class='ocrx_word' id='word_1_148' title='bbox 658 2351 700 2393; x_wconf 93' lang='lat' dir='ltr'>an</span> <span class='ocrx_word' id='word_1_149' title='bbox 713 2332 901 2412; x_wconf 89' lang='lat' dir='ltr'>requiratur,</span> <span class='ocrx_word' id='word_1_150' title='bbox 913 2330 940 2391; x_wconf 93' lang='lat' dir='ltr'>si</span> <span class='ocrx_word' id='word_1_151' title='bbox 953 2329 1105 2411; x_wconf 90' lang='lat' dir='ltr'>princeps</span> <span class='ocrx_word' id='word_1_152' title='bbox 1119 2328 1245 2392; x_wconf 89' lang='lat' dir='ltr'>bellum</span> <span class='ocrx_word' id='word_1_153' title='bbox 1262 2336 1396 2391; x_wconf 91' lang='lat' dir='ltr'>moueat</span> <span class='ocrx_word' id='word_1_154' title='bbox 1410 2327 1616 2391; x_wconf 89' lang='lat' dir='ltr'>beneficiario</span> <span class='ocrx_word' id='word_1_155' title='bbox 1632 2349 1700 2405; x_wconf 93' lang='lat' dir='ltr'>suo,</span> <span class='ocrx_word' id='word_1_156' title='bbox 1712 2327 1782 2391; x_wconf 92' lang='lat' dir='ltr'>siue</span> 
     </span>
     <span class='ocr_line' id='line_1_15' title="bbox 381 2437 1781 2524; baseline -0.004 -18"><span class='ocrx_word' id='word_1_157' title='bbox 381 2443 573 2519; x_wconf 84' lang='lat' dir='ltr'>feudatario,</span> <span class='ocrx_word' id='word_1_158' title='bbox 589 2442 649 2505; x_wconf 85' lang='lat' dir='ltr'>luit</span> <span class='ocrx_word' id='word_1_159' title='bbox 666 2443 816 2524; x_wconf 90' lang='lat' dir='ltr'>quaestio</span> <span class='ocrx_word' id='word_1_160' title='bbox 834 2442 919 2504; x_wconf 89' lang='lat' dir='ltr'>inter</span> <span class='ocrx_word' id='word_1_161' title='bbox 935 2439 1115 2502; x_wconf 90' lang='lat' dir='ltr'>Galliarum</span> <span class='ocrx_word' id='word_1_162' title='bbox 1135 2459 1244 2520; x_wconf 82' lang='lat' dir='ltr'>regem</span> <span class='ocrx_word' id='word_1_163' title='bbox 1264 2448 1298 2502; x_wconf 93' lang='lat' dir='ltr'>et</span> <span class='ocrx_word' id='word_1_164' title='bbox 1316 2459 1427 2520; x_wconf 87' lang='lat' dir='ltr'>regem</span> <span class='ocrx_word' id='word_1_165' title='bbox 1443 2437 1587 2520; x_wconf 86' lang='lat' dir='ltr'>Angliae</span> <span class='ocrx_word' id='word_1_166' title='bbox 1603 2438 1781 2519; x_wconf 90' lang='lat' dir='ltr'>aliquando</span> 
     </span>
     <span class='ocr_line' id='line_1_16' title="bbox 382 2548 1782 2635; baseline -0.004 -17"><span class='ocrx_word' id='word_1_167' title='bbox 382 2574 492 2618; x_wconf 92' lang='lat' dir='ltr'>coram</span> <span class='ocrx_word' id='word_1_168' title='bbox 515 2555 712 2635; x_wconf 89' lang='lat' dir='ltr'>imperatore</span> <span class='ocrx_word' id='word_1_169' title='bbox 722 2553 743 2616; x_wconf 82' lang='lat'>³.</span> <span class='ocrx_word' id='word_1_170' title='bbox 801 2553 846 2615; x_wconf 90' lang='lat' dir='ltr'>Et</span> <span class='ocrx_word' id='word_1_171' title='bbox 869 2561 956 2615; x_wconf 93' lang='lat' dir='ltr'>recte</span> <span class='ocrx_word' id='word_1_172' title='bbox 979 2549 1059 2613; x_wconf 93' lang='lat' dir='ltr'>mihi</span> <span class='ocrx_word' id='word_1_173' title='bbox 1081 2551 1271 2613; x_wconf 89' lang='lat' dir='ltr'>distinxisse</span> <span class='ocrx_word' id='word_1_174' title='bbox 1296 2548 1410 2612; x_wconf 90' lang='lat' dir='ltr'>Gallus</span> <span class='ocrx_word' id='word_1_175' title='bbox 1433 2548 1583 2612; x_wconf 86' lang='lat' dir='ltr'>uidetur:</span> <span class='ocrx_word' id='word_1_176' title='bbox 1606 2557 1643 2611; x_wconf 91' lang='lat' dir='ltr'>ut</span> <span class='ocrx_word' id='word_1_177' title='bbox 1666 2550 1692 2610; x_wconf 93' lang='lat' dir='ltr'>si</span> <span class='ocrx_word' id='word_1_178' title='bbox 1715 2569 1782 2631; x_wconf 91' lang='lat' dir='ltr'>qua</span> 
     </span>
     <span class='ocr_line' id='line_1_17' title="bbox 383 2659 1781 2745; baseline -0.004 -17"><span class='ocrx_word' id='word_1_179' title='bbox 383 2676 468 2729; x_wconf 88' lang='lat' dir='ltr'>esset</span> <span class='ocrx_word' id='word_1_180' title='bbox 490 2675 604 2728; x_wconf 90' lang='lat' dir='ltr'>contra</span> <span class='ocrx_word' id='word_1_181' title='bbox 626 2664 871 2727; x_wconf 88' lang='lat' dir='ltr'>beneficiarium</span> <span class='ocrx_word' id='word_1_182' title='bbox 894 2663 1071 2738; x_wconf 89' lang='lat' dir='ltr'>accusatio,</span> <span class='ocrx_word' id='word_1_183' title='bbox 1092 2682 1151 2745; x_wconf 89' lang='lat' dir='ltr'>per</span> <span class='ocrx_word' id='word_1_184' title='bbox 1172 2682 1272 2743; x_wconf 91' lang='lat' dir='ltr'>quam</span> <span class='ocrx_word' id='word_1_185' title='bbox 1296 2661 1337 2723; x_wconf 94' lang='lat' dir='ltr'>ad</span> <span class='ocrx_word' id='word_1_186' title='bbox 1362 2660 1519 2722; x_wconf 90' lang='lat' dir='ltr'>iudicium</span> <span class='ocrx_word' id='word_1_187' title='bbox 1542 2659 1668 2722; x_wconf 89' lang='lat' dir='ltr'>domini</span> <span class='ocrx_word' id='word_1_188' title='bbox 1690 2659 1781 2722; x_wconf 83' lang='lat' dir='ltr'>feudi</span> 
     </span>
     <span class='ocr_line' id='line_1_18' title="bbox 382 2770 1781 2855; baseline -0.006 -15"><span class='ocrx_word' id='word_1_189' title='bbox 382 2778 527 2840; x_wconf 91' lang='lat' dir='ltr'>eundum</span> <span class='ocrx_word' id='word_1_190' title='bbox 546 2778 597 2855; x_wconf 90' lang='lat' dir='ltr'>sit,</span> <span class='ocrx_word' id='word_1_191' title='bbox 615 2777 769 2840; x_wconf 91' lang='lat' dir='ltr'>dominus</span> <span class='ocrx_word' id='word_1_192' title='bbox 789 2776 816 2837; x_wconf 92' lang='lat' dir='ltr'>is</span> <span class='ocrx_word' id='word_1_193' title='bbox 835 2775 904 2837; x_wconf 92' lang='lat' dir='ltr'>iura</span> <span class='ocrx_word' id='word_1_194' title='bbox 922 2775 1003 2837; x_wconf 93' lang='lat' dir='ltr'>haec</span> <span class='ocrx_word' id='word_1_195' title='bbox 1021 2775 1169 2854; x_wconf 87' lang='lat' dir='ltr'>gentium</span> <span class='ocrx_word' id='word_1_196' title='bbox 1188 2792 1318 2836; x_wconf 89' lang='lat' dir='ltr'>seruare</span> <span class='ocrx_word' id='word_1_197' title='bbox 1336 2792 1412 2834; x_wconf 90' lang='lat' dir='ltr'>cum</span> <span class='ocrx_word' id='word_1_198' title='bbox 1430 2770 1614 2834; x_wconf 86' lang='lat' dir='ltr'>feudatario</span> <span class='ocrx_word' id='word_1_199' title='bbox 1635 2791 1695 2833; x_wconf 91' lang='lat' dir='ltr'>suo</span> <span class='ocrx_word' id='word_1_200' title='bbox 1714 2791 1781 2833; x_wconf 91' lang='lat' dir='ltr'>non</span> 
     </span>
     <span class='ocr_line' id='line_1_19' title="bbox 380 2881 1780 2970; baseline -0.007 -18"><span class='ocrx_word' id='word_1_201' title='bbox 380 2889 511 2952; x_wconf 88' lang='lat' dir='ltr'>habeat.</span> <span class='ocrx_word' id='word_1_202' title='bbox 543 2888 658 2970; x_wconf 87' lang='lat' dir='ltr'>Atque</span> <span class='ocrx_word' id='word_1_203' title='bbox 673 2897 723 2950; x_wconf 91' lang='lat' dir='ltr'>est</span> <span class='ocrx_word' id='word_1_204' title='bbox 739 2887 822 2949; x_wconf 90' lang='lat' dir='ltr'>ratio</span> <span class='ocrx_word' id='word_1_205' title='bbox 840 2883 1031 2962; x_wconf 80' lang='lat' dir='ltr'>manifesta3</span> <span class='ocrx_word' id='word_1_206' title='bbox 1055 2885 1111 2964; x_wconf 94' lang='lat' dir='ltr'>qui</span> <span class='ocrx_word' id='word_1_207' title='bbox 1127 2884 1215 2946; x_wconf 91' lang='lat' dir='ltr'>enim</span> <span class='ocrx_word' id='word_1_208' title='bbox 1232 2883 1301 2945; x_wconf 91' lang='lat' dir='ltr'>iure</span> <span class='ocrx_word' id='word_1_209' title='bbox 1315 2881 1418 2944; x_wconf 89' lang='lat' dir='ltr'>iudex</span> <span class='ocrx_word' id='word_1_210' title='bbox 1434 2890 1484 2944; x_wconf 92' lang='lat' dir='ltr'>est</span> <span class='ocrx_word' id='word_1_211' title='bbox 1500 2890 1533 2943; x_wconf 89' lang='lat' dir='ltr'>et</span> <span class='ocrx_word' id='word_1_212' title='bbox 1549 2881 1703 2961; x_wconf 86' lang='lat' dir='ltr'>superior,</span> <span class='ocrx_word' id='word_1_213' title='bbox 1714 2900 1780 2943; x_wconf 91' lang='lat' dir='ltr'>non</span> 
     </span>
     <span class='ocr_line' id='line_1_20' title="bbox 380 2991 1781 3082; baseline -0.004 -20"><span class='ocrx_word' id='word_1_214' title='bbox 380 3001 449 3063; x_wconf 90' lang='lat' dir='ltr'>iure</span> <span class='ocrx_word' id='word_1_215' title='bbox 468 3000 596 3082; x_wconf 83' lang='lat' dir='ltr'>cogitur</span> <span class='ocrx_word' id='word_1_216' title='bbox 613 3000 655 3063; x_wconf 92' lang='lat' dir='ltr'>ad</span> <span class='ocrx_word' id='word_1_217' title='bbox 675 2998 863 3060; x_wconf 89' lang='lat' dir='ltr'>subeundas</span> <span class='ocrx_word' id='word_1_218' title='bbox 883 3004 993 3077; x_wconf 89' lang='lat' dir='ltr'>partes</span> <span class='ocrx_word' id='word_1_219' title='bbox 1012 2995 1113 3076; x_wconf 90' lang='lat' dir='ltr'>partis</span> <span class='ocrx_word' id='word_1_220' title='bbox 1134 3004 1167 3057; x_wconf 89' lang='lat' dir='ltr'>et</span> <span class='ocrx_word' id='word_1_221' title='bbox 1185 2992 1342 3075; x_wconf 89' lang='lat' dir='ltr'>aequalis.</span> <span class='ocrx_word' id='word_1_222' title='bbox 1390 2991 1485 3054; x_wconf 90' lang='lat' dir='ltr'>Haec</span> <span class='ocrx_word' id='word_1_223' title='bbox 1503 3011 1568 3053; x_wconf 91' lang='lat' dir='ltr'>non</span> <span class='ocrx_word' id='word_1_224' title='bbox 1589 3000 1639 3054; x_wconf 89' lang='lat' dir='ltr'>est</span> <span class='ocrx_word' id='word_1_225' title='bbox 1658 2992 1781 3056; x_wconf 90' lang='lat' dir='ltr'>iustitia</span> 
     </span>
     <span class='ocr_line' id='line_1_21' title="bbox 380 3103 1781 3190; baseline -0.006 -18"><span class='ocrx_word' id='word_1_226' title='bbox 380 3131 446 3174; x_wconf 91' lang='lat' dir='ltr'>non</span> <span class='ocrx_word' id='word_1_227' title='bbox 477 3111 619 3174; x_wconf 89' lang='lat' dir='ltr'>tribuere</span> <span class='ocrx_word' id='word_1_228' title='bbox 652 3110 769 3190; x_wconf 91' lang='lat' dir='ltr'>cuique</span> <span class='ocrx_word' id='word_1_229' title='bbox 802 3128 907 3170; x_wconf 89' lang='lat' dir='ltr'>suum.</span> <span class='ocrx_word' id='word_1_230' title='bbox 964 3106 1094 3169; x_wconf 91' lang='lat' dir='ltr'>Iustitia</span> <span class='ocrx_word' id='word_1_231' title='bbox 1123 3107 1225 3168; x_wconf 87' lang='lat' dir='ltr'>uirtus</span> <span class='ocrx_word' id='word_1_232' title='bbox 1256 3113 1306 3167; x_wconf 89' lang='lat' dir='ltr'>est</span> <span class='ocrx_word' id='word_1_233' title='bbox 1336 3103 1427 3185; x_wconf 93' lang='lat' dir='ltr'>quod</span> <span class='ocrx_word' id='word_1_234' title='bbox 1457 3121 1552 3165; x_wconf 91' lang='lat' dir='ltr'>suurn</span> <span class='ocrx_word' id='word_1_235' title='bbox 1583 3112 1633 3165; x_wconf 90' lang='lat' dir='ltr'>est</span> <span class='ocrx_word' id='word_1_236' title='bbox 1663 3103 1781 3184; x_wconf 92' lang='lat' dir='ltr'>cuique</span> 
     </span>
     <span class='ocr_line' id='line_1_22' title="bbox 379 3213 1779 3304; baseline -0.007 -18"><span class='ocrx_word' id='word_1_237' title='bbox 379 3222 548 3300; x_wconf 90' lang='lat' dir='ltr'>tribuens;</span> <span class='ocrx_word' id='word_1_238' title='bbox 584 3221 749 3304; x_wconf 90' lang='lat' dir='ltr'>superiori,</span> <span class='ocrx_word' id='word_1_239' title='bbox 772 3219 909 3301; x_wconf 90' lang='lat' dir='ltr'>aequali,</span> <span class='ocrx_word' id='word_1_240' title='bbox 933 3217 1083 3294; x_wconf 83' lang='lat' dir='ltr'>inferiori,</span> <span class='ocrx_word' id='word_1_241' title='bbox 1106 3217 1223 3297; x_wconf 91' lang='lat' dir='ltr'>cuique</span> <span class='ocrx_word' id='word_1_242' title='bbox 1246 3215 1336 3296; x_wconf 93' lang='lat' dir='ltr'>quod</span> <span class='ocrx_word' id='word_1_243' title='bbox 1359 3215 1507 3277; x_wconf 89' lang='lat' dir='ltr'>debetur.</span> <span class='ocrx_word' id='word_1_244' title='bbox 1544 3223 1581 3275; x_wconf 91' lang='lat' dir='ltr'>ut</span> <span class='ocrx_word' id='word_1_245' title='bbox 1607 3213 1654 3276; x_wconf 92' lang='lat' dir='ltr'>ita</span> <span class='ocrx_word' id='word_1_246' title='bbox 1679 3215 1779 3276; x_wconf 88' lang='lat' dir='ltr'>etiam</span> 
     </span>
     <span class='ocr_line' id='line_1_23' title="bbox 381 3323 1781 3412; baseline -0.004 -18"><span class='ocrx_word' id='word_1_247' title='bbox 381 3331 597 3397; x_wconf 70' lang='lat' dir='ltr'>Bernardus4.</span> <span class='ocrx_word' id='word_1_248' title='bbox 644 3332 689 3395; x_wconf 93' lang='lat' dir='ltr'>Et</span> <span class='ocrx_word' id='word_1_249' title='bbox 711 3331 801 3412; x_wconf 94' lang='lat' dir='ltr'>quod</span> <span class='ocrx_word' id='word_1_250' title='bbox 825 3330 935 3404; x_wconf 91' lang='lat' dir='ltr'>nostri,</span> <span class='ocrx_word' id='word_1_251' title='bbox 956 3349 1022 3391; x_wconf 92' lang='lat' dir='ltr'>non</span> <span class='ocrx_word' id='word_1_252' title='bbox 1048 3329 1074 3390; x_wconf 93' lang='lat' dir='ltr'>is</span> <span class='ocrx_word' id='word_1_253' title='bbox 1097 3336 1207 3408; x_wconf 90' lang='lat' dir='ltr'>potest</span> <span class='ocrx_word' id='word_1_254' title='bbox 1229 3325 1323 3388; x_wconf 91' lang='lat' dir='ltr'>alteri</span> <span class='ocrx_word' id='word_1_255' title='bbox 1345 3346 1381 3388; x_wconf 93' lang='lat' dir='ltr'>se</span> <span class='ocrx_word' id='word_1_256' title='bbox 1404 3324 1570 3401; x_wconf 88' lang='lat' dir='ltr'>subiicere,</span> <span class='ocrx_word' id='word_1_257' title='bbox 1592 3323 1648 3405; x_wconf 91' lang='lat' dir='ltr'>qui</span> <span class='ocrx_word' id='word_1_258' title='bbox 1671 3334 1781 3407; x_wconf 89' lang='lat' dir='ltr'>potest</span> 
     </span>
     <span class='ocr_line' id='line_1_24' title="bbox 380 3436 1780 3526; baseline -0.005 -19"><span class='ocrx_word' id='word_1_259' title='bbox 380 3464 438 3526; x_wconf 91' lang='lat' dir='ltr'>per</span> <span class='ocrx_word' id='word_1_260' title='bbox 459 3444 673 3526; x_wconf 92' lang='lat' dir='ltr'>semetipsum</span> <span class='ocrx_word' id='word_1_261' title='bbox 697 3443 798 3504; x_wconf 89' lang='lat' dir='ltr'>iudex</span> <span class='ocrx_word' id='word_1_262' title='bbox 822 3461 892 3503; x_wconf 90' lang='lat' dir='ltr'>esse</span> <span class='ocrx_word' id='word_1_263' title='bbox 916 3441 948 3501; x_wconf 91' lang='lat' dir='ltr'>in</span> <span class='ocrx_word' id='word_1_264' title='bbox 972 3459 1070 3502; x_wconf 90' lang='lat' dir='ltr'>causa</span> <span class='ocrx_word' id='word_1_265' title='bbox 1092 3459 1170 3500; x_wconf 88' lang='lat' dir='ltr'>sua:</span> <span class='ocrx_word' id='word_1_266' title='bbox 1194 3438 1272 3518; x_wconf 90' lang='lat' dir='ltr'>quia</span> <span class='ocrx_word' id='word_1_267' title='bbox 1295 3456 1360 3498; x_wconf 90' lang='lat' dir='ltr'>non</span> <span class='ocrx_word' id='word_1_268' title='bbox 1380 3436 1487 3498; x_wconf 90' lang='lat' dir='ltr'>solum</span> <span class='ocrx_word' id='word_1_269' title='bbox 1509 3456 1588 3498; x_wconf 91' lang='lat' dir='ltr'>suae</span> <span class='ocrx_word' id='word_1_270' title='bbox 1610 3454 1780 3516; x_wconf 89' lang='lat' dir='ltr'>personae,</span> 
     </span>
     <span class='ocr_line' id='line_1_25' title="bbox 379 3547 1206 3630; baseline -0.011 -12"><span class='ocrx_word' id='word_1_271' title='bbox 379 3556 552 3618; x_wconf 91' lang='lat' dir='ltr'>sedetiam</span> <span class='ocrx_word' id='word_1_272' title='bbox 569 3553 781 3616; x_wconf 91' lang='lat' dir='ltr'>iurisdictioni</span> <span class='ocrx_word' id='word_1_273' title='bbox 799 3552 919 3614; x_wconf 85' lang='lat' dir='ltr'>laceret</span> <span class='ocrx_word' id='word_1_274' title='bbox 935 3549 1171 3630; x_wconf 91' lang='lat' dir='ltr'>praeiudicium</span> <span class='ocrx_word' id='word_1_275' title='bbox 1183 3547 1206 3609; x_wconf 66' lang='grc' dir='ltr'>ὅ.</span> 
     </span>
    </p>

    <p class='ocr_par' dir='ltr' id='par_1_4' title="bbox 379 3654 1782 4492">
     <span class='ocr_line' id='line_1_26' title="bbox 423 3654 1778 3746; baseline -0.01 -18"><span class='ocrx_word' id='word_1_276' title='bbox 423 3665 478 3728; x_wconf 87' lang='lat' dir='ltr'>Sic</span> <span class='ocrx_word' id='word_1_277' title='bbox 497 3685 604 3746; x_wconf 91' lang='lat' dir='ltr'>neque</span> <span class='ocrx_word' id='word_1_278' title='bbox 623 3684 698 3727; x_wconf 89' lang='lat' dir='ltr'>curn</span> <span class='ocrx_word' id='word_1_279' title='bbox 717 3661 894 3724; x_wconf 89' lang='lat' dir='ltr'>rebellibus</span> <span class='ocrx_word' id='word_1_280' title='bbox 917 3659 1135 3722; x_wconf 89' lang='lat' dir='ltr'>seruabuntur</span> <span class='ocrx_word' id='word_1_281' title='bbox 1156 3658 1238 3719; x_wconf 90' lang='lat' dir='ltr'>haec</span> <span class='ocrx_word' id='word_1_282' title='bbox 1261 3657 1339 3718; x_wconf 90' lang='lat' dir='ltr'>iura.</span> <span class='ocrx_word' id='word_1_283' title='bbox 1386 3655 1431 3717; x_wconf 90' lang='lat' dir='ltr'>Et</span> <span class='ocrx_word' id='word_1_284' title='bbox 1455 3654 1591 3718; x_wconf 91' lang='lat' dir='ltr'>rebelles</span> <span class='ocrx_word' id='word_1_285' title='bbox 1614 3675 1703 3736; x_wconf 91' lang='lat' dir='ltr'>cape,</span> <span class='ocrx_word' id='word_1_286' title='bbox 1722 3655 1778 3735; x_wconf 94' lang='lat' dir='ltr'>qui</span> 
     </span>
     <span class='ocr_line' id='line_1_27' title="bbox 379 3764 1780 3851; baseline -0.009 -13"><span class='ocrx_word' id='word_1_287' title='bbox 379 3785 470 3838; x_wconf 90' lang='lat' dir='ltr'>erant</span> <span class='ocrx_word' id='word_1_288' title='bbox 489 3776 551 3836; x_wconf 94' lang='lat' dir='ltr'>sub</span> <span class='ocrx_word' id='word_1_289' title='bbox 570 3774 704 3836; x_wconf 85' lang='lat' dir='ltr'>ditione.</span> <span class='ocrx_word' id='word_1_290' title='bbox 734 3790 811 3833; x_wconf 92' lang='lat' dir='ltr'>nam</span> <span class='ocrx_word' id='word_1_291' title='bbox 829 3771 885 3851; x_wconf 93' lang='lat' dir='ltr'>qui</span> <span class='ocrx_word' id='word_1_292' title='bbox 903 3769 945 3830; x_wconf 91' lang='lat' dir='ltr'>ab</span> <span class='ocrx_word' id='word_1_293' title='bbox 964 3769 1115 3843; x_wconf 91' lang='lat' dir='ltr'>amicitia,</span> <span class='ocrx_word' id='word_1_294' title='bbox 1132 3766 1271 3841; x_wconf 86' lang='lat' dir='ltr'>foedere,</span> <span class='ocrx_word' id='word_1_295' title='bbox 1288 3765 1373 3828; x_wconf 94' lang='lat' dir='ltr'>comi</span> <span class='ocrx_word' id='word_1_296' title='bbox 1392 3765 1493 3827; x_wconf 88' lang='lat' dir='ltr'>etiam</span> <span class='ocrx_word' id='word_1_297' title='bbox 1512 3764 1671 3847; x_wconf 88' lang='lat' dir='ltr'>obsequio</span> <span class='ocrx_word' id='word_1_298' title='bbox 1690 3765 1748 3827; x_wconf 91' lang='lat' dir='ltr'>def</span> <span class='ocrx_word' id='word_1_299' title='bbox 1765 3797 1780 3808; x_wconf 96' lang='lat'>-</span> 
     </span>
     <span class='ocr_line' id='line_1_28' title="bbox 379 3874 1779 3963; baseline -0.009 -13"><span class='ocrx_word' id='word_1_300' title='bbox 379 3895 502 3963; x_wconf 90' lang='lat' dir='ltr'>cerunt,</span> <span class='ocrx_word' id='word_1_301' title='bbox 513 3885 564 3948; x_wconf 92' lang='lat' dir='ltr'>his</span> <span class='ocrx_word' id='word_1_302' title='bbox 579 3882 840 3947; x_wconf 90' lang='lat' dir='ltr'>denuntiandum</span> <span class='ocrx_word' id='word_1_303' title='bbox 853 3879 978 3942; x_wconf 90' lang='lat' dir='ltr'>bellum</span> <span class='ocrx_word' id='word_1_304' title='bbox 994 3887 1053 3941; x_wconf 89' lang='lat' dir='ltr'>est.</span> <span class='ocrx_word' id='word_1_305' title='bbox 1086 3877 1156 3939; x_wconf 91' lang='lat' dir='ltr'>lllis</span> <span class='ocrx_word' id='word_1_306' title='bbox 1171 3877 1258 3938; x_wconf 90' lang='lat' dir='ltr'>enim</span> <span class='ocrx_word' id='word_1_307' title='bbox 1275 3896 1340 3937; x_wconf 92' lang='lat' dir='ltr'>non</span> <span class='ocrx_word' id='word_1_308' title='bbox 1357 3884 1407 3937; x_wconf 91' lang='lat' dir='ltr'>est</span> <span class='ocrx_word' id='word_1_309' title='bbox 1422 3875 1472 3936; x_wconf 91' lang='lat' dir='ltr'>ius</span> <span class='ocrx_word' id='word_1_310' title='bbox 1487 3875 1645 3954; x_wconf 86' lang='lat' dir='ltr'>gentium,</span> <span class='ocrx_word' id='word_1_311' title='bbox 1657 3874 1708 3937; x_wconf 92' lang='lat' dir='ltr'>his</span> <span class='ocrx_word' id='word_1_312' title='bbox 1720 3884 1779 3938; x_wconf 90' lang='lat' dir='ltr'>est.</span> 
     </span>
     <span class='ocr_line' id='line_1_29' title="bbox 381 3982 1779 4075; baseline -0.009 -14"><span class='ocrx_word' id='word_1_313' title='bbox 381 3996 605 4073; x_wconf 89' lang='lat' dir='ltr'>Fidenatibus,</span> <span class='ocrx_word' id='word_1_314' title='bbox 633 3992 811 4075; x_wconf 90' lang='lat' dir='ltr'>Campanis</span> <span class='ocrx_word' id='word_1_315' title='bbox 838 4011 904 4053; x_wconf 92' lang='lat' dir='ltr'>non</span> <span class='ocrx_word' id='word_1_316' title='bbox 931 3989 1130 4052; x_wconf 89' lang='lat' dir='ltr'>denunciant</span> <span class='ocrx_word' id='word_1_317' title='bbox 1162 3986 1314 4061; x_wconf 91' lang='lat' dir='ltr'>Romani,</span> <span class='ocrx_word' id='word_1_318' title='bbox 1337 3982 1556 4047; x_wconf 87' lang='lat' dir='ltr'>delectoribus</span> <span class='ocrx_word' id='word_1_319' title='bbox 1577 3993 1598 4047; x_wconf 76' lang='lat' dir='ltr'>a</span> <span class='ocrx_word' id='word_1_320' title='bbox 1620 3985 1779 4049; x_wconf 80' lang='lat' dir='ltr'>ditione⁰.</span> 
     </span>
     <span class='ocr_line' id='line_1_30' title="bbox 382 4096 1779 4186; baseline -0.01 -12"><span class='ocrx_word' id='word_1_321' title='bbox 382 4109 522 4186; x_wconf 93' lang='lat' dir='ltr'>Uolscis,</span> <span class='ocrx_word' id='word_1_322' title='bbox 538 4106 674 4181; x_wconf 91' lang='lat' dir='ltr'>Latinis,</span> <span class='ocrx_word' id='word_1_323' title='bbox 692 4103 860 4185; x_wconf 75' lang='lat' dir='ltr'>Hispanis</span> <span class='ocrx_word' id='word_1_324' title='bbox 877 4101 1002 4175; x_wconf 89' lang='lat' dir='ltr'>Poenis,</span> <span class='ocrx_word' id='word_1_325' title='bbox 1019 4098 1099 4175; x_wconf 91' lang='lat' dir='ltr'>aliis,</span> <span class='ocrx_word' id='word_1_326' title='bbox 1111 4096 1319 4174; x_wconf 89' lang='lat' dir='ltr'>denunciant,</span> <span class='ocrx_word' id='word_1_327' title='bbox 1332 4097 1431 4158; x_wconf 90' lang='lat' dir='ltr'>etiam</span> <span class='ocrx_word' id='word_1_328' title='bbox 1447 4096 1666 4177; x_wconf 88' lang='lat' dir='ltr'>stipendiariis</span> <span class='ocrx_word' id='word_1_329' title='bbox 1679 4107 1712 4160; x_wconf 89' lang='lat' dir='ltr'>et</span> <span class='ocrx_word' id='word_1_330' title='bbox 1723 4097 1779 4160; x_wconf 91' lang='lat' dir='ltr'>tri·</span> 
     </span>
     <span class='ocr_line' id='line_1_31' title="bbox 381 4206 1782 4295; baseline -0.01 -11"><span class='ocrx_word' id='word_1_331' title='bbox 381 4221 526 4284; x_wconf 91' lang='lat' dir='ltr'>butariis.</span> <span class='ocrx_word' id='word_1_332' title='bbox 572 4217 687 4280; x_wconf 91' lang='lat' dir='ltr'>Alium</span> <span class='ocrx_word' id='word_1_333' title='bbox 704 4233 826 4287; x_wconf 87' lang='lat' dir='ltr'>casum,</span> <span class='ocrx_word' id='word_1_334' title='bbox 842 4234 908 4295; x_wconf 92' lang='lat' dir='ltr'>quo</span> <span class='ocrx_word' id='word_1_335' title='bbox 925 4211 1052 4274; x_wconf 91' lang='lat' dir='ltr'>bellum</span> <span class='ocrx_word' id='word_1_336' title='bbox 1071 4230 1136 4272; x_wconf 92' lang='lat' dir='ltr'>non</span> <span class='ocrx_word' id='word_1_337' title='bbox 1155 4207 1317 4286; x_wconf 90' lang='lat' dir='ltr'>indicitur,</span> <span class='ocrx_word' id='word_1_338' title='bbox 1334 4206 1457 4270; x_wconf 89' lang='lat' dir='ltr'>Baldus</span> <span class='ocrx_word' id='word_1_339' title='bbox 1476 4216 1577 4286; x_wconf 90' lang='lat' dir='ltr'>notat,</span> <span class='ocrx_word' id='word_1_340' title='bbox 1592 4228 1694 4290; x_wconf 93' lang='lat' dir='ltr'>quum</span> <span class='ocrx_word' id='word_1_341' title='bbox 1710 4216 1782 4270; x_wconf 92' lang='lat' dir='ltr'>erat</span> 
     </span>
     <span class='ocr_line' id='line_1_32' title="bbox 381 4316 1780 4409; baseline -0.012 -13"><span class='ocrx_word' id='word_1_342' title='bbox 381 4332 515 4409; x_wconf 92' lang='lat' dir='ltr'>bellum,</span> <span class='ocrx_word' id='word_1_343' title='bbox 529 4339 562 4393; x_wconf 90' lang='lat' dir='ltr'>et</span> <span class='ocrx_word' id='word_1_344' title='bbox 574 4329 617 4392; x_wconf 94' lang='lat' dir='ltr'>ab</span> <span class='ocrx_word' id='word_1_345' title='bbox 629 4347 669 4390; x_wconf 92' lang='lat' dir='ltr'>eo</span> <span class='ocrx_word' id='word_1_346' title='bbox 680 4327 860 4390; x_wconf 90' lang='lat' dir='ltr'>discessum</span> <span class='ocrx_word' id='word_1_347' title='bbox 872 4333 970 4405; x_wconf 94' lang='lat' dir='ltr'>pacto</span> <span class='ocrx_word' id='word_1_348' title='bbox 982 4331 1032 4385; x_wconf 92' lang='lat' dir='ltr'>est</span> <span class='ocrx_word' id='word_1_349' title='bbox 1045 4321 1078 4384; x_wconf 92' lang='lat' dir='ltr'>in</span> <span class='ocrx_word' id='word_1_350' title='bbox 1089 4320 1258 4384; x_wconf 88' lang='lat' dir='ltr'>biennium</span> <span class='ocrx_word' id='word_1_351' title='bbox 1275 4339 1352 4381; x_wconf 91' lang='lat' dir='ltr'>narn</span> <span class='ocrx_word' id='word_1_352' title='bbox 1368 4318 1500 4382; x_wconf 90' lang='lat' dir='ltr'>biennio</span> <span class='ocrx_word' id='word_1_353' title='bbox 1513 4316 1626 4400; x_wconf 93' lang='lat' dir='ltr'>elapso</span> <span class='ocrx_word' id='word_1_354' title='bbox 1638 4319 1780 4381; x_wconf 76' lang='lat' dir='ltr'>indicere</span> 
     </span>
     <span class='ocr_line' id='line_1_33' title="bbox 382 4461 1776 4492; baseline -0.012 -1"><span class='ocrx_word' id='word_1_355' title='bbox 382 4461 1776 4492; x_wconf 78' lang='lat'>..-..-.---—--—-———-———-</span> 
     </span>
    </p>
   </div>
   <div class='ocr_carea' id='block_1_3' title="bbox 447 4545 1715 4700">
    <p class='ocr_par' dir='ltr' id='par_1_5' title="bbox 447 4545 1715 4700">
     <span class='ocr_line' id='line_1_34' title="bbox 447 4545 1715 4622; baseline -0.01 -11"><span class='ocrx_word' id='word_1_356' title='bbox 447 4561 455 4589; x_wconf 86' lang='lat'>¹</span> <span class='ocrx_word' id='word_1_357' title='bbox 472 4561 533 4610; x_wconf 91' lang='lat' dir='ltr'>Dec.</span> <span class='ocrx_word' id='word_1_358' title='bbox 546 4575 613 4610; x_wconf 90' lang='lat' dir='ltr'>cons.</span> <span class='ocrx_word' id='word_1_359' title='bbox 626 4559 688 4622; x_wconf 81' lang='lat'><strong>460;</strong></span> <span class='ocrx_word' id='word_1_360' title='bbox 706 4555 784 4621; x_wconf 87' lang='lat' dir='ltr'>Ceph.</span> <span class='ocrx_word' id='word_1_361' title='bbox 799 4567 853 4618; x_wconf 80' lang='lat'>710.</span> <span class='ocrx_word' id='word_1_362' title='bbox 918 4583 923 4595; x_wconf 86' lang='lat'>.</span> <span class='ocrx_word' id='word_1_363' title='bbox 993 4549 1003 4578; x_wconf 90' lang='lat'><strong>¹</strong></span> <span class='ocrx_word' id='word_1_364' title='bbox 1019 4549 1036 4598; x_wconf 94' lang='lat' dir='ltr'>l.</span> <span class='ocrx_word' id='word_1_365' title='bbox 1048 4565 1071 4612; x_wconf 84' lang='lat'>4.</span> <span class='ocrx_word' id='word_1_366' title='bbox 1083 4550 1113 4598; x_wconf 93' lang='lat' dir='ltr'>de</span> <span class='ocrx_word' id='word_1_367' title='bbox 1125 4564 1177 4597; x_wconf 80' lang='lat' dir='ltr'>vac.</span> <span class='ocrx_word' id='word_1_368' title='bbox 1191 4547 1235 4610; x_wconf 77' lang='lat' dir='ltr'>(D.</span> <span class='ocrx_word' id='word_1_369' title='bbox 1248 4559 1286 4609; x_wconf 86' lang='lat'>50.</span> <span class='ocrx_word' id='word_1_370' title='bbox 1301 4547 1336 4612; x_wconf 83' lang='lat'>5).</span> <span class='ocrx_word' id='word_1_371' title='bbox 1466 4548 1476 4576; x_wconf 80' lang='lat'><strong>⁸</strong></span> <span class='ocrx_word' id='word_1_372' title='bbox 1492 4548 1520 4597; x_wconf 86' lang='lat' dir='ltr'>P.</span> <span class='ocrx_word' id='word_1_373' title='bbox 1533 4545 1622 4597; x_wconf 87' lang='lat' dir='ltr'>Aemil.</span> <span class='ocrx_word' id='word_1_374' title='bbox 1634 4547 1678 4599; x_wconf 91' lang='lat' dir='ltr'>lib.</span> <span class='ocrx_word' id='word_1_375' title='bbox 1690 4563 1715 4612; x_wconf 90' lang='lat'>9.</span> 
     </span>
     <span class='ocr_line' id='line_1_35' title="bbox 498 4629 1668 4700; baseline -0.015 -9"><span class='ocrx_word' id='word_1_376' title='bbox 498 4645 507 4673; x_wconf 86' lang='lat'><strong>⁴</strong></span> <span class='ocrx_word' id='word_1_377' title='bbox 526 4645 578 4692; x_wconf 82' lang='lat' dir='ltr'>Ber.</span> <span class='ocrx_word' id='word_1_378' title='bbox 592 4643 622 4691; x_wconf 84' lang='lat' dir='ltr'>de</span> <span class='ocrx_word' id='word_1_379' title='bbox 636 4641 684 4690; x_wconf 81' lang='lat' dir='ltr'>Ad.</span> <span class='ocrx_word' id='word_1_380' title='bbox 696 4655 741 4688; x_wconf 86' lang='lat' dir='ltr'>ser.</span> <span class='ocrx_word' id='word_1_381' title='bbox 754 4655 778 4700; x_wconf 73' lang='lat'>3.</span> <span class='ocrx_word' id='word_1_382' title='bbox 876 4636 886 4666; x_wconf 73' lang='lat'><strong>⁶</strong></span> <span class='ocrx_word' id='word_1_383' title='bbox 903 4636 983 4686; x_wconf 85' lang='lat' dir='ltr'>Castr.</span> <span class='ocrx_word' id='word_1_384' title='bbox 995 4633 1012 4681; x_wconf 95' lang='lat' dir='ltr'>l.</span> <span class='ocrx_word' id='word_1_385' title='bbox 1029 4647 1063 4680; x_wconf 88' lang='lat'>12.</span> <span class='ocrx_word' id='word_1_386' title='bbox 1077 4632 1108 4680; x_wconf 87' lang='lat' dir='ltr'>de</span> <span class='ocrx_word' id='word_1_387' title='bbox 1120 4631 1202 4680; x_wconf 90' lang='lat' dir='ltr'>iurisd.</span> <span class='ocrx_word' id='word_1_388' title='bbox 1216 4630 1261 4692; x_wconf 76' lang='lat' dir='ltr'>(D.</span> <span class='ocrx_word' id='word_1_389' title='bbox 1277 4645 1297 4680; x_wconf 82' lang='lat' dir='ltr'>a.</span> <span class='ocrx_word' id='word_1_390' title='bbox 1313 4633 1347 4684; x_wconf 72' lang='lat' dir='ltr'>rt.</span> <span class='ocrx_word' id='word_1_391' title='bbox 1445 4629 1454 4658; x_wconf 80' lang='lat'>⁸</span> <span class='ocrx_word' id='word_1_392' title='bbox 1471 4629 1574 4694; x_wconf 83' lang='lat' dir='ltr'>Dionys,</span> <span class='ocrx_word' id='word_1_393' title='bbox 1586 4630 1630 4679; x_wconf 78' lang='lat' dir='ltr'>lib,</span> <span class='ocrx_word' id='word_1_394' title='bbox 1645 4646 1668 4692; x_wconf 82' lang='lat'>5.</span> 
     </span>
    </p>
   </div>
   <div class='ocr_carea' id='block_1_4' title="bbox 389 4762 1777 4793">
    <p class='ocr_par' dir='ltr' id='par_1_6' title="bbox 389 4762 1777 4793">
     <span class='ocr_line' id='line_1_36' title="bbox 389 4762 1777 4793; baseline -0.004 -9"><span class='ocrx_word' id='word_1_395' title='bbox 389 4762 1777 4793; x_wconf 74' lang='lat'><em>„„-............-...-.--—--————-------</em></span> 
     </span>
    </p>
   </div>
   <div class='ocr_carea' id='block_1_5' title="bbox 1054 4840 1107 4888">
    <p class='ocr_par' dir='ltr' id='par_1_7' title="bbox 1054 4840 1107 4888">
     <span class='ocr_line' id='line_1_37' title="bbox 1054 4840 1107 4888; baseline 0 0"><span class='ocrx_word' id='word_1_396' title='bbox 1054 4840 1107 4888; x_wconf 83' lang='lat' dir='ltr'>Sz</span> 
     </span>
    </p>
   </div>
   <div class='ocr_carea' id='block_1_6' title="bbox 0 0 2270 5570">
    <p class='ocr_par' dir='ltr' id='par_1_8' title="bbox 0 0 2270 5570">
     <span class='ocr_line' id='line_1_38' title="bbox 0 0 2270 5570; baseline 0 0"><span class='ocrx_word' id='word_1_397' title='bbox 0 0 2270 5570; x_wconf 95' lang='lat' dir='ltr'> </span> 
     </span>
    </p>
   </div>
  </div>
 </body>
</html>
