4522 5570
706 761 766 814 DE
795 761 898 816 IURE
926 760 1060 830 BELLI,
1090 760 1168 814 LIB.
1192 760 1233 830 II,
1266 761 1354 816 CAP.
1378 762 1437 818 ΙΙΙ.
1710 768 1772 838 135

370 1007 469 1089 inque
487 1010 555 1071 iure
573 1009 739 1086 canonic0,
755 1008 886 1090 ‘Quum
906 1008 1027 1071 iustum
1046 1005 1171 1070 bellurn
1189 1010 1378 1091 susceperis,
1393 1019 1504 1072 utrum
1520 1017 1636 1091 aperta
1651 1028 1771 1091 pugna,

368 1120 504 1182 ‘utrum
525 1119 649 1183 insidiis
671 1122 792 1198 uineas,
816 1119 895 1182 nihil
921 1120 963 1182 ad
990 1119 1148 1181 iustitiam
1175 1119 1310 1182 interest
1320 1117 1350 1183 ¹.'
1407 1121 1460 1184 De
1482 1141 1549 1202 quo
1575 1121 1772 1202 interpretes

369 1229 415 1293 sic
438 1231 573 1295 tradunt
596 1232 682 1309 iuris,
700 1231 796 1295 licere
817 1250 876 1313 per
893 1218 1118 1293 cauillationes
1142 1238 1175 1292 et
1198 1228 1330 1294 fraudes
1348 1230 1479 1294 hostem
1498 1231 1649 1313 decipere
1659 1229 1680 1295 ².
1724 1231 1772 1294 Et

370 1340 416 1403 sic
439 1341 501 1422 ipsi
524 1351 682 1420 auctores,
698 1352 731 1405 et
754 1341 865 1422 magni
888 1340 934 1402 illi
957 1340 1104 1422 magistri
1128 1341 1224 1404 huius
1245 1341 1353 1405 bellici
1373 1343 1458 1421 iuris,
1478 1337 1638 1406 ‘Ueteres
1657 1342 1771 1405 dolum

370 1452 494 1515 ‘etiam
521 1452 646 1516 bonum
669 1453 832 1530 dicebant,
855 1462 889 1515 et
915 1472 975 1534 pro
997 1453 1129 1515 solertia
1154 1451 1218 1516 hoc
1243 1472 1364 1515 nomen
1387 1453 1600 1534 accipiebant,
1624 1454 1772 1517 maxime

371 1567 380 1596 ‘
395 1564 422 1627 si
438 1566 597 1628 aduersus
611 1565 743 1628 hostem
759 1564 964 1627 latronemue
979 1563 1052 1645 quis
1068 1562 1312 1628 machinetur³.'
1345 1564 1391 1627 Et
1406 1584 1485 1647 ergo
1500 1565 1670 1627 uerissima
1681 1563 1772 1643 haec,

371 1684 405 1737 et
426 1676 606 1739 certissima
628 1675 731 1738 uideri
754 1684 867 1756 potest
889 1674 1009 1757 opinio,
1028 1695 1129 1756 quam
1147 1674 1277 1756 aliique,
1293 1683 1327 1738 et
1345 1675 1501 1756 theologi,
1520 1685 1554 1739 et
1572 1676 1771 1754 canonistae‚

372 1795 406 1849 et
429 1786 588 1850 ciuilistae
611 1788 786 1868 scriptores
809 1787 951 1850 tradunt.
999 1785 1059 1849 Ille
1085 1794 1206 1864 autem,
1231 1785 1378 1869 quisquis
1404 1786 1473 1865 fuit,
1496 1796 1553 1850 aut
1577 1788 1633 1868 qui
1660 1788 1772 1852 scribit

370 1898 616 1980 grammaticus,
635 1897 714 1961 nihil
738 1905 871 1960 moueat
889 1918 964 1961 curn
987 1918 1055 1975 sua,
1074 1896 1240 1979 ‘Turpem
1258 1898 1337 1960 dolo
1354 1899 1539 1979 quaesitam
1562 1899 1735 1961 uictoriam
1749 1895 1772 1961 :’

371 2009 397 2070 si
421 2028 488 2071 non
511 2011 553 2072 de
577 2009 665 2072 malo
688 2009 888 2072 intellexerit
910 2009 996 2072 dolo
1024 2009 1151 2091 dequo
1174 2029 1234 2072 nos
1256 2009 1369 2072 statim
1381 2008 1404 2073 ⁴.
1450 2009 1586 2072 Interim
1605 2009 1647 2086 hi,
1666 2010 1770 2074 uicto-

371 2119 434 2182 rias
463 2120 572 2202 plures
601 2142 673 2184 esse
703 2129 815 2203 partas
840 2130 911 2183 arte
937 2128 970 2182 et
999 2119 1136 2183 fallaciis
1146 2119 1169 2180 ⁵.
1224 2119 1270 2183 Et
1301 2120 1440 2183 relatum
1466 2121 1509 2184 ab
1540 2122 1679 2198 oracu10,
1704 2141 1770 2184 non

373 2230 490 2294 Martis
508 2241 639 2295 tanturn
663 2232 859 2309 muneribus,
878 2232 936 2295 sed
959 2241 992 2294 et
1014 2239 1087 2294 astu
1108 2231 1370 2311 belligerandum
1380 2231 1401 2295 θ.
1447 2231 1492 2294 Et
1510 2232 1635 2294 dictum
1654 2253 1674 2294 a
1693 2231 1771 2296 Bra-

371 2342 442 2404 sida
468 2342 654 2420 fortissim0,
681 2343 758 2406 belli
790 2362 860 2406 esse
886 2342 971 2405 furta
1001 2341 1267 2405 honestissima⁷.
1326 2340 1425 2406 Silius
1454 2351 1567 2405 autem
1594 2342 1771 2424 eleganter,

370 2453 474 2516 ‘exin
501 2454 615 2517 uirtuti
644 2453 768 2537 placuit
795 2448 929 2516 dolus:'
963 2462 1140 2534 postquam
1171 2452 1275 2515 Fabio
1306 2452 1459 2516 Maximo
1489 2452 1613 2535 placuit
1642 2453 1738 2517 dolus
1748 2453 1772 2518 ⁸.

344 2563 487 2644 ·Atque
509 2564 591 2628 haec
614 2566 707 2646 plura
730 2573 815 2627 sunt.
873 2564 986 2626 Etiam
1010 2564 1079 2626 iure
1101 2563 1240 2627 naturali
1263 2563 1371 2626 licitus
1394 2564 1570 2627 nonnullus
1592 2575 1643 2628 est
1666 2566 1770 2645 dolus,

370 2694 437 2737 non
460 2685 511 2738 est
534 2677 685 2758 deceptio
708 2676 816 2738 omnis
839 2675 951 2738 illicita
960 2676 979 2737 ⁹.
1026 2674 1089 2737 Est
1105 2674 1234 2751 Grillus,
1251 2673 1307 2755 qui
1330 2675 1510 2756 exprobrat
1534 2675 1658 2756 Ulyssi,
1679 2678 1769 2759 quod

369 2785 455 2848 dolis
476 2797 508 2850 et
528 2785 696 2850 fraudibus
711 2787 878 2869 deceperit
895 2786 1046 2849 homines
1062 2784 1141 2848 olim
1157 2796 1333 2866 sequentes
1352 2786 1529 2867 ingenuum
1552 2796 1652 2869 atque
1670 2808 1770 2870 gene-

370 2915 480 2959 rosum
509 2897 587 2960 belli
618 2918 752 2969 morem,
780 2897 972 2978 nesciosque
1002 2895 1136 2959 fallendi
1167 2903 1201 2958 et
1231 2897 1427 2977 decipiendi,
1453 2906 1487 2960 et
1514 2898 1602 2961 idem
1629 2900 1771 2962 uersutis

369 3007 464 3072 factis
487 3009 641 3072 indiderit
662 3010 794 3072 uirtutis
816 3028 946 3084 nomen,
968 3027 1054 3090 quae
1076 3017 1127 3070 est
1147 3029 1167 3070 a
1190 3008 1316 3070 malitia
1339 3028 1496 3089 perquam
1519 3009 1625 3072 aliena
1635 3009 1667 3073 ¹⁰.
1723 3011 1770 3074 Et

369 3118 452 3182 forte
468 3120 568 3183 etiam
586 3119 720 3201 Ulyssei
737 3119 805 3184 doli
824 3139 939 3182 omnes
956 3138 1022 3182 non
1038 3118 1265 3183 defendentur.
1311 3118 1467 3182 Uersutia
1486 3129 1574 3182 certe
1592 3129 1625 3182 et
1645 3122 1772 3185 malitia

369 3250 433 3292 non
449 3230 687 3295 defendentur:
711 3251 797 3313 quae
813 3251 944 3312 semper
957 3239 1035 3293 sunt
1051 3228 1148 3293 mala.

413 3341 637 3424 Simpliciores
651 3352 763 3406 autem
779 3342 911 3406 fuerunt
929 3341 1009 3404 olim
1028 3341 1061 3403 in
1078 3340 1198 3404 bellico
1217 3341 1368 3403 uniuerso
1387 3341 1530 3423 negotio.
1554 3351 1588 3405 et
1603 3343 1768 3407 interdum

369 3453 477 3517 locum
489 3454 649 3517 finiebant
664 3455 698 3517 in
713 3476 779 3535 quo
795 3454 980 3518 dimicaturi
996 3462 1114 3530 essent,
1128 3453 1243 3515 itidem
1260 3460 1294 3514 et
1309 3460 1449 3534 tempus
1467 3463 1500 3516 et
1516 3454 1549 3516 in
1564 3454 1627 3518 hoc
1640 3465 1769 3518 ueteres

368 3585 405 3628 se
417 3565 582 3628 iactabant
594 3565 737 3627 Romani
748 3585 846 3646 supra
858 3573 1029 3646 postumas
1041 3562 1184 3626 Graecas
1194 3562 1405 3637 calliditates,
1419 3565 1579 3627 uersutias
1591 3565 1768 3630 Punicas¹¹.

370 3675 525 3740 Ceterum
542 3685 593 3738 est
613 3675 794 3738 discessum
810 3675 853 3737 ab
869 3695 908 3737 ea
923 3675 1153 3757 simplicitate:
1178 3684 1211 3736 et
1227 3693 1428 3753 responsum,
1444 3693 1509 3736 non
1525 3685 1675 3756 oportere
1690 3698 1769 3741 con-

368 3786 495 3850 siliariis
507 3785 658 3848 hostibus
673 3786 736 3848 uti:
759 3794 793 3848 et
809 3804 974 3848 armorum
990 3803 1055 3846 non
1073 3785 1178 3864 magis
1193 3801 1265 3846 esse
1281 3781 1440 3861 militiam,
1456 3804 1556 3864 quam
1571 3794 1768 3867 temporum.

368 3897 516 3960 Tantum
532 3916 611 3978 ergo
627 3897 808 3960 uidendum
824 3904 883 3973 est,
899 3916 940 3957 ne
955 3913 1088 3957 ornnem
1105 3892 1220 3956 dolum
1237 3901 1270 3955 et
1285 3912 1383 3955 omne
1400 3893 1527 3956 uafrum
1542 3906 1768 3960 commentum

369 4009 595 4071 admittamus.
641 4007 759 4089 Neque
782 4007 869 4069 enim
888 4005 1075 4070 admittitur
1093 4002 1238 4066 malurn:
1262 4022 1338 4064 nam
1357 4004 1425 4066 iure
1443 4005 1552 4086 agitur
1569 4026 1644 4069 curn
1663 4008 1768 4073 hoste.

370 4120 421 4181 ius
435 4127 547 4182 autem
563 4136 744 4200 numquam
760 4128 810 4180 est
826 4117 959 4194 malum,
975 4115 1034 4178 sed
1049 4135 1102 4177 ars
1116 4115 1195 4177 boni
1212 4122 1246 4177 et
1261 4114 1366 4195 aequi.
1411 4113 1526 4196 Atque
1542 4119 1631 4198 quod
1646 4118 1769 4198 hostes,

468 4393 560 4458 ¹Aug.
572 4393 621 4443 Ios.
633 4409 657 4458 q.
673 4406 756 4449 10;c.
771 4407 792 4441 a.
807 4406 845 4454 23.
857 4406 880 4455 q.
896 4405 917 4439 a.
1007 4389 1260 4455 ’Ceph-cons.696.
1346 4391 1390 4440 ¹l.
1405 4391 1529 4443 1.dedol.
1542 4393 1587 4456 (D.
1600 4410 1623 4456 4.
1636 4397 1671 4456 3).

403 4477 487 4528 ‘isid
499 4477 543 4527 lib.
558 4478 594 4525 18.
607 4493 628 4526 c.
642 4489 663 4524 1.
771 4473 982 4539 ‘XenHippar
1090 4472 1367 4537 ‘Paus.lib.4c.12.
1470 4473 1575 4527 'Thuc
1585 4476 1630 4527 lib.
1642 4491 1664 4540 5.
1677 4493 1698 4528 c.
1711 4493 1736 4543 9.

514 4558 583 4609 ⁸si1.
597 4559 640 4608 lib.
656 4557 721 4620 15.1.
734 4568 790 4619 327.
869 4556 912 4606 ⁸1.
927 4555 967 4605 16.
978 4554 1009 4605 de
1021 4555 1109 4606 minor.
1123 4556 1168 4618 (D.
1181 4572 1205 4619 4.
1216 4556 1254 4620 4).
1331 4555 1431 4606 ¹⁰Plut.
1444 4557 1511 4607 Brut.
1525 4558 1569 4607 Ra.
1581 4559 1625 4608 uti.

728 4639 744 4667 ¹¹
762 4637 815 4688 Liu.
829 4639 852 4689 8.
863 4652 894 4700 4²
907 4654 913 4698 ;
931 4636 1018 4701 Polyb.
1033 4652 1078 4700 13;
1096 4638 1161 4688 Plut.
1174 4639 1261 4704 Pomp.
1280 4638 1344 4688 Mar.
1359 4639 1415 4703 Pyr.
