4498 5566
702 724 762 776 DE
791 723 896 778 runa
922 724 1057 791 BELLJ,
1088 723 1217 790 Liar,
1250 723 1338 779 [ΑΡ.
1367 723 1432 776 Vrr.
1729 731 1767 798 31

277 1009 281 1017 -
370 969 515 1034 hostiurn
532 968 766 1051 aequalitatem
782 970 847 1035 huc
865 971 970 1050 affert,
986 972 1028 1034 de
1043 992 1109 1053 qua
1123 991 1183 1034 nos
1199 970 1387 1033 notauimus
1401 979 1499 1033 antea
1508 966 1529 1031 ¹.
1575 967 1776 1050 Quanquam

371 1102 450 1145 uero
473 1082 662 1164 contingere
684 1082 863 1165 aliquando
879 1079 959 1168 (non
978 1083 1147 1164 continget
1162 1082 1312 1164 saepius:
1336 1091 1373 1145 ut
1392 1081 1507 1145 statim
1525 1074 1654 1163 audies)
1673 1077 1778 1160 possit

371 1201 408 1256 ut
438 1193 597 1258 iniustitia
626 1214 691 1256 non
722 1194 861 1258 obscure
887 1203 1008 1277 pateat,
1034 1193 1077 1257 ab
1104 1194 1208 1259 altera
1237 1202 1352 1276 parte:
1390 1202 1503 1256 tamen
1534 1211 1601 1253 non
1631 1189 1778 1271 oportuit

372 1314 499 1369 mutare
525 1304 750 1369 definitionem
776 1305 974 1389 generalem,
997 1327 1063 1388 quo
1090 1306 1198 1369 minus
1224 1306 1376 1386 utrinque
1402 1311 1513 1368 essent
1543 1321 1673 1383 semper
1698 1299 1777 1364 belli

371 1415 452 1479 iura.
506 1416 625 1499 Neque
651 1416 739 1478 enim
766 1437 810 1480 ex
836 1415 897 1496 his,
915 1437 1000 1500 quae
1027 1437 1099 1480 raro
1122 1417 1285 1494 accidunt,
1309 1417 1378 1479 iura
1404 1414 1655 1490 constituuntur,
1677 1421 1778 1494 atque

371 1535 546 1610 aptantur:
576 1526 611 1590 id
635 1537 693 1605 est,
713 1547 757 1591 ex
778 1526 839 1606 his,
858 1548 943 1610 quae
965 1528 998 1590 in
1021 1549 1081 1592 suo
1102 1548 1225 1611 genere
1247 1548 1320 1591 raro
1337 1527 1511 1591 accidunt:
1543 1534 1576 1588 et
1598 1544 1684 1607 quae
1702 1543 1778 1587 con-

371 1647 423 1702 tra
442 1636 632 1720 generalem
653 1638 698 1702 rei
722 1647 874 1702 naturam
897 1640 931 1702 in
954 1660 989 1703 re
1009 1639 1187 1723 aliquando
1210 1640 1403 1720 contingunt
1412 1636 1436 1700 ².
1481 1636 1531 1701 Ut
1549 1636 1659 1719 plures
1677 1633 1779 1700 nostri

371 1749 525 1814 doctores
553 1749 697 1814 docent:
728 1759 761 1814 et
787 1750 976 1832 generalem
1003 1747 1053 1836 (ut
1079 1748 1169 1837 dico)
1195 1751 1421 1815 definitionem
1448 1747 1598 1812 imminui
1627 1746 1743 1810 nolunt
1754 1744 1776 1808 ³.

373 1860 498 1925 ‘Nulla
521 1860 577 1925 lex
600 1860 680 1925 satis
702 1863 881 1927 commoda
902 1862 1057 1926 omnibus
1080 1873 1131 1927 est
1144 1859 1165 1927 :’
1196 1863 1328 1927 dixerat
1351 1861 1398 1926 M.
1419 1861 1504 1927 Cato
1514 1857 1537 1923 ⁴.
1583 1859 1660 1922 Non
1679 1857 1777 1940 igitur

373 1974 571 2036 mutandum
586 1973 629 2036 de
644 1973 707 2038 hoc
723 1974 791 2038 iure
806 1974 961 2054 hostiurn,
974 1983 1007 2038 et
1021 1973 1099 2037 belli
1116 1975 1269 2056 utrinque
1283 1972 1422 2057 aequali.
1450 1972 1496 2036 Et
1511 1971 1646 2054 quidem
1663 1971 1710 2035 sic
1726 1978 1778 2034 est

373 2093 407 2148 et
429 2083 463 2147 in
485 2083 780 2166 disceptationibus
798 2086 859 2150 sori
877 2087 1005 2169 parius
1023 2086 1181 2168 litigantis
1197 2087 1374 2167 utriusque,
1389 2086 1495 2149 donec
1513 2083 1582 2147 lata
1596 2103 1658 2166 pro
1673 2081 1777 2147 altero

372 2215 486 2259 eorum
509 2196 672 2261 sententia
694 2197 747 2260 sit.
801 2198 849 2262 Et
865 2197 919 2261 hic
933 2199 1047 2273 victus,
1063 2197 1118 2280 qui
1137 2197 1257 2260 iniuste
1281 2195 1495 2278 belligerauit,
1513 2215 1574 2277 pro
1596 2215 1655 2258 sua
1678 2193 1778 2256 inius-

372 2307 447 2371 titia
469 2327 595 2388 poenas
617 2306 701 2371 ieret
722 2329 743 2370 a
765 2307 891 2373 uictore
913 2301 1101 2390 grauiores.⁴
1142 2307 1244 2391 Quod
1267 2308 1294 2370 si
1313 2306 1452 2370 iniustus
1470 2306 1593 2383 uicerit,
1616 2325 1723 2387 neque
1745 2304 1777 2366 in

373 2419 585 2482 contentione
603 2417 666 2482 ista
685 2427 821 2497 armata,
837 2439 943 2501 neque
961 2419 995 2482 in
1013 2428 1128 2501 togata
1145 2419 1250 2483 altera
1268 2425 1418 2501 superest
1439 2417 1621 2481 remedium
1641 2415 1777 2480 homini.

373 2528 421 2593 Et
447 2548 507 2593 nec
534 2528 583 2591 ius
609 2529 720 2593 deficit
746 2537 868 2609 tamen,
887 2530 945 2594 sed
968 2530 1045 2594 iuris
1068 2531 1231 2595 executio.
1286 2529 1383 2593 ‘Non
1406 2529 1456 2592 ius
1478 2527 1600 2603 deficit,
1620 2528 1678 2591 sed
1702 2547 1778 2609 pro·

373 2636 525 2733 ‘batiolz'
547 2640 653 2723 inquit
669 2641 789 2705 Paulus
799 2641 823 2705 ⁵.
867 2641 941 2707 Aut
960 2644 1061 2706 etiam
1080 2641 1204 2705 dixeris
1215 2661 1299 2707 ,cum
1315 2639 1495 2722 Theologis
1513 2660 1552 2703 ac
1570 2637 1779 2722 Philosophis

374 2751 500 2814 nullum
517 2771 590 2815 esse
605 2752 676 2815 sine
690 2773 798 2835 poena
813 2762 997 2836 peccatum,
1012 2773 1091 2817 nam
1107 2763 1141 2817 et
1156 2753 1308 2836 improba
1322 2753 1410 2817 actio
1426 2761 1477 2815 est
1492 2751 1633 2834 poena⁰:
1650 2750 1780 2814 ‘Prima

375 2862 455 2925 ‘illa
477 2872 511 2926 et
533 2859 683 2926 maxima
705 2864 915 2947 peccantium
938 2873 989 2929 est
1011 2885 1120 2948 poena
1141 2863 1313 2948 peccasse,'
1337 2873 1373 2927 ut
1396 2862 1503 2945 inquit
1526 2861 1665 2926 Seneca.
1715 2862 1778 2926 Est

376 2982 483 3037 metus
509 2993 625 3056 poena,
649 2974 773 3040 scilicet
800 2985 836 3039 ut
863 2976 952 3040 idem
979 2978 1033 3055 ait,
1060 2976 1204 3041 ‘Multos
1231 2976 1364 3040 fortuna
1394 2974 1512 3039 liberat
1541 2993 1658 3056 poena,
1686 2982 1777 3038 metu

374 3084 581 3148 ‘neminem’
626 3085 689 3150 Est
704 3086 839 3150 infamia
855 3088 943 3170 apud
959 3088 1061 3152 alios:
1085 3097 1136 3152 est
1151 3087 1353 3152 conscientia
1368 3085 1457 3170 apud
1473 3106 1517 3164 se,
1533 3094 1570 3148 ut
1587 3083 1777 3168 Philosophi

374 3195 600 3278 explicarunt:
632 3206 682 3261 est
708 3206 743 3261 et
769 3198 931 3278 infernus3
959 3199 1003 3264 de
1028 3221 1095 3283 quo
1122 3209 1156 3264 et
1183 3198 1383 3282 Philosophi,
1406 3197 1545 3263 ueritate
1571 3205 1720 3279 cogente,
1742 3204 1777 3260 et

374 3305 546 3390 Theologi‚
561 3308 701 3374 ueritate
716 3309 866 3389 docente,
881 3311 1097 3376 tradiderunt.

971 3648 1060 3722 Cnr.
1089 3649 1180 3723 Vll.

857 3857 918 3929 De
941 3860 1078 3929 caussis
1103 3857 1287 3930 bellorum.

419 4068 477 4130 DE
504 4066 626 4132 caussis
651 4066 814 4132 bellorum
841 4067 1022 4132 uidendum
1048 4088 1145 4152 porro
1172 4077 1231 4132 est.
1287 4067 1394 4144 ‘Una,
1414 4075 1448 4132 et
1474 4088 1514 4132 ea
1540 4078 1635 4133 uetus
1661 4089 1777 4134 caussa

374 4178 553 4258 ‘bellandi
576 4179 740 4262 profunda
762 4178 865 4244 libido
888 4180 1025 4262 imperii,
1048 4190 1082 4245 et
1104 4179 1312 4257 diuitiarum,’
1335 4189 1371 4244 ut
1395 4179 1553 4262 scriptum
1576 4202 1597 4245 a
1620 4180 1776 4246 Sallustio

475 4457 484 4486 ¹
502 4457 558 4508 Alc
569 4457 593 4507 d.
605 4458 623 4508 l.
637 4474 660 4523 5.
671 4464 696 4508 et
707 4459 738 4508 de
749 4459 780 4508 V.
792 4458 818 4508 S.
832 4473 886 4522 ²34·
900 4458 946 4521 (D.
959 4471 997 4521 50.
1013 4457 1064 4522 16).
1240 4457 1249 4487 ²
1263 4457 1280 4509 l.
1294 4471 1316 4520 3.
1329 4477 1352 4520 4.
1366 4473 1388 4521 5.
1400 4459 1423 4510 6.
1436 4457 1535 4523 delegi.
1548 4460 1595 4524 (D.
1608 4473 1629 4508 1.
1644 4461 1679 4522 3).

443 4541 453 4569 ³
469 4541 515 4590 Aa.
526 4540 543 4590 l.
555 4541 595 4605 64.
607 4542 639 4591 de
649 4558 699 4608 reg.
711 4543 744 4594 iu.
758 4543 803 4606 (D.
816 4557 856 4607 50.
871 4542 928 4604 16>;
945 4543 1044 4592 Wesen.
1056 4543 1117 4593 inst.
1131 4557 1152 4592 1.
1166 4557 1210 4609 19;
1230 4542 1297 4592 Don.
1312 4556 1334 4590 1.
1346 4558 1411 4592 com.
1426 4556 1470 4606 15;
1489 4541 1546 4594 Alc.
1559 4553 1582 4604 5.
1594 4541 1683 4592 Parad.
1697 4553 1719 4605 7.

488 4624 498 4653 ⁴
514 4625 568 4675 Liu.
581 4625 625 4676 lib.
639 4639 679 4688 34.
690 4641 710 4676 c.
724 4641 747 4689 3.
846 4625 856 4655 ⁵
872 4624 889 4674 l.
903 4639 942 4689 30.
953 4625 985 4676 de
996 4631 1028 4676 te.
1040 4633 1075 4677 tu.
1088 4626 1134 4690 (D.
1149 4625 1186 4676 26.
1200 4626 1235 4688 r).
1337 4625 1346 4655 ⁸
1363 4626 1429 4676 Pice.
1441 4641 1465 4691 9.
1477 4625 1535 4677 Ciu.
1546 4625 1611 4674 Phil.
1625 4638 1664 4688 53.
