4522 5570
462 683 503 748 92
947 676 1148 730 ALBERICI
1176 677 1381 748 GENTILIS-

463 915 620 979 honestas
640 919 749 982 debet.
780 921 868 1000 quod
891 921 1044 1001 proximo
1066 921 1148 984 libro
1168 943 1344 1004 exponam.
1392 921 1436 983 Et
1452 921 1530 1002 quid
1548 919 1741 983 rebelliones
1756 937 1862 999 popu-

465 1027 569 1090 lorum
587 1049 685 1092 unam
708 1029 791 1094 hanc
812 1032 856 1093 ob
872 1051 1004 1095 causam
1027 1033 1197 1096 memoro?
1244 1034 1304 1096 Illa
1325 1034 1551 1096 Romanorum
1568 1053 1587 1094 a
1604 1030 1755 1112 Superbo
1775 1038 1863 1092 nota.

464 1139 650 1222 ‘Superbia
673 1142 767 1204 bonis
790 1151 840 1205 est
864 1144 1058 1207 crudelitate
1081 1145 1220 1226 grauior.
1265 1143 1409 1207 Tamdiu
1433 1155 1545 1206 tamen
1568 1142 1754 1224 superbiam
1778 1139 1863 1220 regis

464 1252 628 1334 ‘populus
649 1252 821 1316 Romanus
838 1275 1011 1336 perpessus
1026 1266 1084 1334 est,
1101 1257 1207 1323 donec
1224 1257 1339 1318 aberat
1359 1256 1468 1318 libido.
1499 1254 1583 1317 hanc
1603 1274 1646 1316 ex
1666 1253 1776 1315 liberis
1794 1251 1863 1313 eius

463 1368 470 1395 ‘
487 1365 769 1447 importunitatem
782 1368 923 1432 tolerare
936 1391 1001 1432 non
1015 1369 1159 1453 potuit¹.’
1191 1370 1320 1452 Ecquid
1334 1371 1431 1452 igitur
1443 1370 1469 1431 si
1482 1369 1582 1432 etiam
1596 1367 1771 1450 negligitur
1782 1365 1863 1428 llaec

462 1477 618 1541 uindicari
644 1477 781 1543 iniuria?
805 1482 1037 1562 superadditus
1060 1491 1247 1545 contemtus
1263 1493 1332 1546 est:
1357 1482 1411 1563 qui
1436 1502 1495 1544 nec
1519 1481 1648 1544 modica
1667 1479 1783 1542 iniuria
1804 1485 1862 1539 est.

463 1589 509 1652 Et
531 1589 577 1652 ita
594 1589 715 1654 Strabo
738 1593 861 1670 recitat,
878 1593 962 1656 iuste
984 1593 1112 1656 illatum
1129 1591 1227 1656 luisse
1247 1593 1370 1656 bellum
1390 1593 1573 1669 Messeniis,
1589 1593 1644 1674 qui
1661 1611 1727 1653 non
1744 1587 1863 1651 multa·

463 1701 527 1763 rint
543 1702 796 1783 compellatores
818 1705 1021 1767 conuiciosos
1037 1703 1216 1767 alienarum
1234 1705 1406 1767 mulierum
1417 1703 1438 1769 ².
1485 1704 1605 1768 Iniuria
1621 1703 1734 1779 luerat,
1749 1698 1863 1782 appel-

463 1811 555 1890 lasse,
572 1835 657 1895 quae
678 1835 763 1878 nunc
783 1825 880 1879 aucta
901 1817 947 1879 sic
969 1825 1018 1879 est
1029 1817 1050 1881 ³.
1097 1817 1142 1880 Et
1162 1816 1370 1899 Augustinus
1386 1819 1431 1880 sic
1447 1817 1609 1894 adfirmat,
1625 1817 1747 1879 iustum
1763 1812 1863 1875 fuisse

464 1924 588 1988 bellum
613 1945 688 1988 cum
714 1926 904 2002 sichimitis,
928 1930 982 2010 qui
1007 1938 1135 1992 tantam
1165 1930 1345 1992 intulerunt
1372 1931 1522 1992 iniuriam
1548 1928 1658 1992 Iacobi
1683 1925 1764 2003 filiis,
1788 1944 1864 1988 con-

463 2039 626 2102 taminata
657 2061 768 2102 eorum
801 2041 942 2106 sorore⁴.
989 2042 1089 2124 Quod
1117 2044 1142 2105 si
1172 2043 1311 2105 Iacobus
1334 2050 1367 2105 et
1394 2043 1525 2124 spiritus
1554 2041 1616 2104 Dei
1646 2042 1713 2102 imo
1739 2036 1863 2100 bellum

464 2150 544 2214 illud
562 2151 735 2233 uituperat‚
752 2151 852 2216 lateat
876 2152 928 2216 hic
949 2153 1073 2235 aliquid
1084 2155 1106 2218 ⁵.
1137 2163 1174 2217 ut
1195 2155 1283 2218 idem
1304 2155 1350 2216 ait
1371 2153 1590 2235 Augustinus.
1636 2153 1681 2215 Et
1703 2150 1782 2212 illud
1801 2149 1863 2211 hoc

466 2273 524 2340 est,
544 2265 632 2344 quod
661 2274 694 2328 et
721 2286 780 2346 per
805 2265 954 2328 fraudem
981 2265 1122 2329 foederis
1149 2266 1273 2330 bellum
1297 2266 1454 2329 iecerint:
1489 2266 1624 2329 caedem
1652 2261 1804 2327 bellicam
1831 2261 1864 2322 in

465 2395 547 2456 pace
569 2377 782 2458 designarint.
814 2388 849 2440 ut
866 2379 898 2441 in
915 2378 1012 2441 simili
1029 2400 1105 2442 casu
1124 2379 1234 2441 Dauid
1246 2379 1265 2442 ⁶.
1300 2379 1524 2442 Excesserunt
1540 2397 1672 2460 quoque
1689 2375 1734 2437 illi
1749 2375 1865 2436 fratres

466 2487 571 2551 multo
598 2489 704 2552 iustae
730 2491 896 2555 uindictae
920 2491 1090 2554 rationem.
1146 2489 1238 2553 Audi
1266 2511 1341 2553 ecce
1368 2491 1469 2553 uerba
1497 2490 1618 2567 Iacobi,
1641 2488 1807 2560 ‘Simeom
1832 2494 1865 2547 et

465 2602 472 2628 ‘
490 2599 573 2661 Leui
589 2599 722 2664 fratres:
743 2603 961 2665 instrumenta
977 2603 1155 2665 uiolentiae
1170 2602 1407 2666 conuentiones
1423 2621 1545 2664 eorum.
1568 2621 1627 2682 pro
1645 2601 1691 2662 ira
1707 2620 1765 2661 sua
1781 2597 1866 2660 occi-

467 2711 609 2774 ‘derunt
625 2713 730 2775 uiros:
755 2723 788 2776 et
809 2734 867 2795 pro
889 2715 1023 2777 arbitrio
1044 2735 1103 2776 suo
1124 2714 1317 2777 auulserunt
1337 2715 1449 2777 boues
1482 2713 1657 2776 maledicta
1678 2715 1724 2774 ira
1743 2729 1865 2788 eorum,

468 2822 569 2902 ‘quia
592 2822 783 2898 uehemens
807 2835 839 2886 et
863 2825 952 2887 furor
974 2845 1086 2887 eorum
1111 2826 1187 2906 quia
1210 2825 1346 2888 saeuus)
1393 2825 1438 2887 Et
1463 2825 1696 2905 Hieronymus,
1719 2821 1867 2885 ‘Foede-
1891 2803 1898 2814 ⁸

467 2936 579 2995 ‘ratos
603 2933 690 2996 uiros
714 2934 954 3012 interfecerunt,
978 2946 1158 3016 contraque
1181 2938 1231 2998 ius
1255 2935 1353 3017 pacis,
1376 2945 1409 2998 et
1431 2937 1648 2998 amicitiarum
1672 2935 1865 3015 sanguinem

467 3045 645 3108 ‘fuderunt
663 3046 881 3109 innocentem.
912 3056 945 3109 et
961 3049 1055 3128 quasi
1072 3049 1217 3127 quodam
1237 3046 1346 3109 furore
1366 3047 1411 3110 sic
1431 3045 1625 3110 crudelitate
1649 3046 1732 3126 rapti
1757 3063 1867 3106 muros

467 3156 641 3238 ‘hospitae
665 3157 754 3220 urbis
776 3154 972 3221 euertunt⁷.'
1018 3157 1217 3220 Innocentes
1240 3167 1351 3219 autem
1376 3159 1437 3220 iste
1458 3157 1621 3221 intellexit
1639 3166 1696 3220 aut
1721 3175 1786 3217 non
1809 3155 1867 3215 ob-

468 3269 599 3331 strictos
614 3269 661 3331 illi
677 3270 959 3347 contaminationi,
975 3278 1033 3332 aut
1049 3269 1149 3331 etiam
1166 3289 1282 3331 omnes
1297 3279 1373 3349 post
1389 3270 1606 3350 compositam
1623 3288 1747 3350 pacem.
1778 3266 1867 3328 Nam

466 3389 566 3443 antea
589 3391 682 3444 erant
706 3391 882 3445 nocentes:
909 3391 1023 3445 contra
1043 3401 1126 3462 quos
1150 3389 1182 3444 et
1206 3401 1277 3443 esse
1300 3381 1423 3444 bellum
1444 3390 1582 3463 poterat.
1627 3381 1672 3444 Et
1692 3381 1736 3442 sic
1755 3380 1867 3460 itaque

468 3493 556 3555 idem
580 3491 790 3575 Augustinus
813 3514 856 3555 ex
880 3514 1019 3575 persona
1043 3492 1199 3556 ecclesiae
1223 3503 1336 3556 contra
1359 3513 1574 3576 synagogam,
1596 3493 1780 3556 ‘latronum
1804 3492 1867 3553 ritu

468 3606 628 3668 ‘uastasti
652 3595 843 3668 innocentes
867 3602 1101 3670 Sichimitas⁸.’
1147 3605 1223 3667 Fuit
1246 3604 1369 3668 bellum
1395 3605 1615 3668 Israelitarum
1642 3614 1756 3667 contra
1780 3601 1870 3664 Bini-

468 3717 623 3780 aminitas
661 3718 800 3782 eandem
834 3719 878 3780 ob
912 3737 1063 3781 caussam
1102 3717 1254 3794 uiolatae,
1285 3737 1345 3781 nec
1373 3718 1560 3780 uindicatae
1591 3715 1742 3792 mulieris
1769 3721 1869 3794 atque

468 3830 592 3893 bellum
611 3850 667 3892 ore
684 3830 748 3893 Dei
764 3838 879 3893 sancto
898 3831 1084 3912 probatum,
1101 3839 1134 3893 et
1157 3839 1287 3912 gestum
1308 3829 1382 3892 lorti
1403 3849 1502 3891 manu
1523 3837 1572 3890 est
1582 3828 1603 3890 ⁹.

512 3942 580 4006 Sed
597 3949 677 4010 ,sunt
695 3941 845 4022 aliaeque
866 3962 1001 4005 caussae
1022 3940 1204 4004 bellorum:
1230 3961 1313 4022 quas
1328 3960 1443 4002 omnes
1464 3948 1522 4002 aut
1542 3936 1701 4019 persequi,
1716 3946 1774 3999 aut
1790 3956 1870 3999 enu-

468 4075 593 4118 merare
605 4054 740 4134 longum
753 4053 844 4116 foret.
884 4053 990 4116 Narro
1004 4049 1035 4115 i'n
1052 4053 1198 4115 secundo
1211 4053 1294 4113 libro
1304 4053 1346 4114 de
1357 4052 1458 4113 armis
1472 4050 1640 4124 Romania,
1652 4068 1736 4129 quae
1752 4048 1870 4110 horum

467 4163 586 4227 luerint
602 4185 717 4228 omnes
733 4163 892 4226 bellorum
916 4183 1061 4227 caussae.
1107 4161 1269 4225 Traianus
1284 4162 1408 4224 bellurn
1431 4171 1545 4225 contra
1564 4179 1673 4241 regem
1690 4159 1870 4221 Armeniae

529 4405 537 4433 ¹
554 4405 621 4453 Flor.
634 4405 678 4454 lib.
693 4418 713 4455 1.
727 4421 747 4454 c.
762 4413 784 4466 7.
850 4402 860 4430 ¹
877 4403 925 4452 Str.
938 4401 982 4450 lib.
995 4402 1017 4452 8.
1031 4419 1052 4451 c.
1065 4417 1094 4465 4:
1112 4402 1182 4451 Iusti.
1197 4401 1240 4450 lib.
1254 4417 1276 4464 3.
1289 4419 1310 4450 c.
1324 4423 1346 4464 4.
1413 4403 1421 4432 ³
1439 4403 1455 4450 l.
1472 4417 1508 4465 15.
1520 4403 1551 4451 de
1562 4401 1633 4451 iniur.
1648 4401 1693 4462 (D.
1707 4411 1745 4464 37.
1762 4403 1810 4464 ro).

664 4485 673 4514 ⁴
690 4487 755 4550 Aug.
770 4484 816 4533 Ge.
829 4501 853 4547 q.
868 4485 922 4545 167.
1087 4484 1096 4513 ⁵
1114 4484 1176 4532 Gen.
1190 4499 1234 4546 49;
1253 4485 1310 4533 Ose.
1324 4484 1346 4532 6.
1512 4484 1521 4512 ⁸
1541 4483 1635 4546 1.Reg.
1650 4498 1671 4533 2.

606 4567 616 4594 ⁷
636 4567 706 4615 Hier.
719 4583 741 4631 q.
755 4566 819 4615 Gen.
832 4581 853 4614 c.
866 4581 905 4628 49.
917 4581 941 4613 v.
953 4578 975 4627 5.
1108 4567 1117 4594 ⁸
1134 4567 1165 4613 A.
1179 4566 1230 4615 Alt.
1244 4566 1302 4615 Ecc.
1314 4575 1338 4615 et
1351 4569 1408 4628 Syn.
1541 4566 1552 4594 ⁹
1568 4566 1622 4614 Iud.
1638 4579 1674 4630 ¹9·
1687 4579 1736 4629 seq.
