4498 5566
712 744 772 798 DE
802 743 905 800 IURE
934 745 1068 813 BELLI,
1101 745 1226 812 LIB.I,
1259 745 1345 801 CAP.
1369 745 1440 800 XII.
1732 753 1773 826 53

375 1001 467 1048 unus
523 983 589 1046 ‘Et
619 984 704 1047 inter
734 983 940 1066 Babylonem
974 993 1007 1047 et
1039 984 1249 1050 Hierusalem
1278 986 1367 1051 nulla
1393 1007 1462 1070 pax
1492 997 1550 1067 est,
1573 989 1630 1053 sed
1658 1009 1776 1071 guerra

374 1095 586 1159 ‘continuaz'
616 1105 652 1158 ut
677 1095 862 1159 Bernardus
888 1095 935 1158 ait
945 1093 965 1158 ¹.
1011 1094 1049 1159 Si
1068 1116 1143 1160 uere
1166 1117 1299 1161 caussae
1322 1110 1432 1163 essent
1454 1121 1474 1162 a
1497 1110 1621 1178 natura,
1639 1102 1775 1164 omnino

374 1205 497 1269 iustum
516 1215 550 1269 et
566 1206 691 1278 bellum
707 1227 750 1269 ex
766 1207 845 1288 ipsis
860 1215 955 1269 esset.
1001 1206 1069 1270 Sed
1086 1228 1152 1271 non
1169 1219 1245 1274 sunt
1260 1209 1448 1273 huiusmodi
1464 1230 1608 1275 caussae.
1647 1212 1776 1275 Natura

373 1315 525 1380 homines
547 1318 633 1380 inter
653 1338 690 1381 se
713 1317 833 1381 inimici
857 1338 922 1381 non
945 1327 1021 1381 sunt
1030 1315 1052 1381 2.
1097 1318 1165 1383 Sed
1188 1320 1343 1398 actiones,
1367 1329 1401 1384 et
1423 1341 1540 1399 mores,
1561 1323 1632 1384 siue
1653 1323 1775 1386 similes

374 1429 443 1491 siue
459 1427 642 1506 dissimiles,
658 1430 691 1492 in
707 1429 917 1493 concordiam
933 1429 985 1492 uel
1003 1430 1201 1493 discordiam
1221 1451 1281 1494 nos
1300 1431 1466 1496 inducunt.
1516 1432 1649 1510 Dicunt,
1668 1453 1775 1516 neque

374 1539 498 1603 amicos
522 1548 646 1603 natura.
677 1560 777 1622 quam
800 1549 927 1621 partem
951 1560 1013 1622 ego
1035 1561 1101 1604 non
1125 1562 1252 1623 sequor.
1296 1543 1368 1606 Nec
1395 1543 1494 1624 igitur
1516 1543 1601 1606 iuste
1632 1542 1775 1625 Hispani

374 1659 432 1713 aut
459 1650 543 1714 hanc
573 1670 732 1729 caussam,
756 1661 814 1715 aut
840 1651 930 1714 illam
960 1651 1125 1734 religionis
1154 1652 1375 1718 obtenderunt
1403 1653 1492 1717 bello
1519 1653 1667 1718 Indicol.
1708 1674 1775 1718 non

374 1761 505 1825 barbari
528 1770 641 1825 contra
665 1760 818 1840 Graecos,
841 1782 906 1825 non
931 1760 1047 1826 Graeci
1063 1773 1176 1828 contra
1191 1763 1357 1828 barbaros.
1404 1765 1476 1828 Nisi
1492 1765 1569 1847 quia
1589 1774 1622 1828 et
1641 1762 1775 1828 Graecis

374 1882 408 1936 et
425 1872 572 1935 barbaris
587 1881 660 1936 tum
676 1883 845 1955 receptum
860 1883 1031 1955 praeterea
1045 1882 1082 1938 ut
1097 1873 1210 1940 hostes
1226 1885 1344 1940 essent.
1389 1875 1484 1958 Quae
1499 1875 1565 1939 alia
1585 1895 1699 1940 caussa
1715 1885 1775 1939 est.

376 1983 422 2047 Et
453 1983 537 2046 forte
564 1991 677 2046 tamen
703 2005 724 2047 a
750 1993 867 2048 natura
893 2004 959 2047 non
989 1984 1171 2068 longeest.
1209 2006 1288 2050 nam
1312 1987 1353 2049 ab
1379 1986 1575 2051 educatione
1601 1993 1659 2064 est,
1689 2005 1775 2068 quae

374 2092 479 2158 altera
494 2102 612 2158 natura
627 2104 686 2159 est.

417 2205 533 2288 Atque
559 2206 606 2269 ita
623 2205 706 2270 haec
727 2214 813 2270 sunt.
859 2206 904 2270 Et
924 2206 1012 2271 dixit
1034 2227 1112 2289 ergo
1132 2208 1341 2290 Pomponius
1361 2229 1427 2273 non
1450 2229 1523 2272 eam
1543 2219 1678 2292 gentem
1702 2229 1774 2273 esse

374 2317 469 2381 nobis
494 2316 635 2394 hostem,
659 2337 734 2382 cum
759 2338 824 2399 qua
848 2337 955 2400 neque
977 2318 1167 2392 amicitiam,
1192 2341 1299 2402 neque
1321 2319 1510 2403 hospitium,
1529 2341 1635 2402 neque
1657 2320 1775 2383 foedus

374 2429 539 2492 amicitiae
555 2448 669 2492 caussa
685 2429 811 2491 iactum
824 2426 986 2492 habemus
996 2427 1017 2493 ⁴.
1047 2429 1113 2494 Hic
1129 2438 1241 2494 tamen
1256 2430 1381 2512 aliquid
1398 2439 1566 2513 praeterea
1580 2431 1669 2508 dicit,
1684 2431 1774 2512 quod

375 2540 574 2603 contrarium
586 2538 637 2602 his
652 2540 714 2603 sit:
739 2538 791 2601 ‘hi
806 2537 919 2603 hostes
934 2539 1069 2621 quidem
1086 2561 1151 2604 non
1166 2539 1260 2618 sunt,’
1272 2541 1334 2604 ait:
1358 2541 1459 2623 ‘quod
1476 2551 1587 2604 autem
1605 2561 1649 2605 ex
1661 2549 1774 2604 nostro

375 2650 441 2713 ‘ad
458 2669 515 2713 eos
535 2650 693 2733 peruenit,
706 2649 835 2713 illorum
855 2649 913 2714 fit:
937 2659 971 2713 et
990 2650 1071 2714 liber
1084 2648 1185 2714 homo
1204 2660 1324 2730 noster,
1340 2651 1383 2714 ab
1403 2652 1449 2714 eis
1468 2660 1593 2734 captuS,
1609 2671 1723 2714 seruus
1738 2650 1776 2715 fit

374 2764 579 2825 ‘eteorum
623 2760 777 2842 idemque
793 2768 843 2823 est
864 2760 890 2822 si
906 2760 949 2823 ab
967 2760 1030 2823 illis
1049 2762 1091 2824 ad
1115 2781 1175 2825 nos
1197 2761 1321 2844 aliquid
1340 2763 1520 2844 perueniat.
1557 2762 1620 2826 hoc
1644 2782 1775 2844 quoque

375 2872 499 2954 ‘igitur
516 2892 593 2936 casu
612 2870 851 2953 postliminium
870 2871 986 2934 datum
1006 2872 1074 2936 est?
1120 2871 1194 2936 Irno
1217 2882 1304 2937 stare
1325 2873 1407 2938 haec
1429 2874 1526 2937 simul
1549 2873 1606 2956 qui
1629 2881 1776 2955 possunt,

375 2992 412 3046 ut
433 2980 546 3047 hostes
568 3003 634 3046 non
657 2983 731 3060 sint,
754 2990 787 3045 et
813 2983 856 3045 sit
878 2991 991 3046 tamen
1017 2983 1166 3061 seruitus,
1190 2994 1224 3049 et
1250 2982 1510 3067 postliminium?
1532 3047 1535 3054 ,
1554 2983 1656 3048 Adde
1685 2984 1775 3066 quod

374 3094 486 3158 scribit
506 3094 675 3170 Proculus,
698 3094 793 3156 ‘Non
817 3093 943 3170 dubito,
965 3094 1044 3175 quin
1066 3093 1226 3158 foederati
1250 3103 1283 3158 et
1306 3094 1398 3158 liberi
1425 3095 1520 3158 nobis
1546 3096 1676 3157 externi
1700 3095 1775 3171 sint,

376 3211 465 3268 ‘non
498 3207 585 3269 inter
616 3225 675 3268 nos
709 3212 809 3285 atque
843 3225 900 3268 eos
932 3203 1172 3287 postliminium
1208 3225 1289 3268 esse.
1335 3207 1457 3268 etenim
1488 3205 1568 3288 quid
1601 3206 1687 3268 inter
1715 3225 1776 3268 nos

375 3319 499 3398 ‘atque
529 3337 586 3380 eos
616 3314 819 3398 postliminio
851 3335 935 3398 opus
969 3323 1028 3392 est,
1060 3335 1135 3379 cum
1166 3325 1199 3380 et
1229 3315 1275 3378 illi
1305 3318 1395 3398 apud
1428 3336 1488 3380 nos
1521 3325 1555 3379 et
1587 3314 1774 3380 libertatem

375 3431 492 3490 ‘suam
517 3437 550 3491 et
575 3426 759 3491 dominium
787 3446 894 3489 rerum
922 3447 1053 3490 suarum
1080 3447 1185 3509 aeque
1215 3436 1316 3509 atque
1345 3428 1434 3509 apud
1465 3448 1501 3490 se
1531 3427 1703 3504 retineant,
1741 3436 1776 3491 et

372 3539 514 3602 ‘eadem
538 3538 633 3601 nobis
655 3539 744 3620 apud
769 3558 825 3601 eos
848 3537 1042 3620 contingant
1051 3537 1084 3600 ⁶?
1130 3536 1219 3601 Sane
1239 3549 1351 3602 autem
1371 3559 1436 3603 non
1460 3558 1525 3601 una
1545 3546 1692 3602 tentatur
1712 3539 1775 3616 uia,

375 3659 412 3713 ut
439 3650 492 3713 isti
519 3648 738 3713 iurisconsulti
765 3669 831 3712 non
858 3650 1041 3731 pugnantia
1067 3648 1192 3712 dixisse
1216 3648 1422 3713 uideanturt.
1479 3649 1525 3713 Et
1551 3648 1705 3714 Cuiacius
1735 3669 1775 3712 eo

375 3761 511 3824 tandem
542 3761 686 3836 deuenit,
710 3769 747 3822 ut
777 3759 874 3834 dicat,
900 3758 1092 3823 dissensisse
1117 3758 1394 3824 iurisconsultosl.
1449 3760 1524 3842 Ego
1555 3761 1668 3823 malim
1698 3779 1775 3823 con-

377 3871 520 3935 siderare
550 3871 683 3934 foedera
712 3869 895 3951 dupliciter.
947 3890 1014 3933 uno
1048 3871 1148 3934 modo
1182 3870 1208 3933 si
1242 3871 1289 3934 sic
1326 3870 1529 3934 contrahitur
1562 3890 1638 3934 cum
1674 3878 1776 3951 gente

375 3981 485 4064 aliqua
509 3991 657 4060 externa,
680 3989 717 4044 ut
738 3980 864 4044 bellum
887 3999 962 4044 cum
990 4001 1029 4044 ea
1057 4001 1122 4044 non
1147 3981 1199 4058 sit,
1222 3989 1280 4043 aut
1303 3990 1340 4044 ut
1366 3981 1499 4044 finiatur
1523 3981 1551 4044 si
1575 3983 1663 4063 quod
1688 4000 1775 4044 nunc

375 4102 446 4158 est:
478 4092 559 4156 nihil
583 4102 756 4174 praeterea
779 4090 948 4156 adiectum
973 4100 1032 4170 est,
1057 4111 1123 4154 non
1147 4101 1315 4175 praeterea
1338 4101 1539 4155 conuentum
1563 4092 1608 4155 de
1629 4091 1774 4155 amicitia

376 4213 436 4268 est.
467 4203 571 4268 altero
591 4205 692 4268 modo
709 4224 813 4287 quum
829 4211 999 4286 praeterea
1017 4211 1051 4266 et
1066 4202 1211 4267 amicitia
1230 4212 1398 4267 contracta
1415 4211 1474 4266 est.
1520 4202 1567 4266 Et
1581 4201 1645 4266 hoc
1663 4211 1774 4285 poste·

376 4315 459 4379 riore
477 4335 554 4380 casu
573 4314 702 4379 locutus
720 4315 763 4380 sit
781 4315 947 4380 Proculus.
993 4314 1039 4378 Et
1058 4315 1214 4397 exempla
1233 4322 1407 4379 occurrunt
1424 4315 1558 4396 passim.
1605 4314 1645 4377 In
1667 4315 1775 4396 priore

484 4563 493 4593 ¹
510 4565 565 4614 Ber.
577 4580 590 4614 o
604 4565 693 4615 Parab.
710 4579 729 4614 1.
795 4565 805 4594 ¹
822 4563 954 4615 Demosth.
966 4565 1022 4614 adu.
1036 4564 1156 4621 Aristoc.;
1169 4565 1240 4614 Proe.
1254 4579 1276 4613 a.
1289 4563 1370 4614 Vand.
1437 4562 1524 4613 ’vict
1536 4564 1630 4614 Relect.
1642 4581 1666 4627 4.

396 4646 441 4697 ¹1.
455 4659 478 4710 5.
489 4647 521 4697 de
532 4648 605 4712 Capt.
618 4649 661 4712 (D.
673 4663 713 4716 49.
728 4648 778 4711 15).
844 4645 887 4698 ⁸1.
901 4657 922 4711 7.
934 4648 966 4697 de
977 4647 1051 4712 Capt.
1118 4646 1409 4709 ⁶Cuiac.11.0bs.23.
1475 4645 1752 4712 'Cuiac.2.0bs.a3.
