4498 5566
883 727 1287 792 PRAEFATIO.
1750 727 1785 788 xi

388 965 593 1041 aduocatus
638 969 754 1068 Regis
800 970 1007 1068 Hispaniae
1049 969 1272 1042 constitutus
1313 983 1380 1054 est,
1416 966 1586 1063 posuisse
1628 965 1784 1038 uidetur.

389 1101 564 1176 Mortuus
603 1118 661 1177 est
702 1105 860 1178 Londini
904 1105 963 1177 die
999 1125 1063 1176 xrx
1101 1102 1195 1173 lunii
1232 1124 1389 1188 mncvnr,
1426 1118 1465 1174 et
1502 1101 1539 1172 in
1572 1099 1787 1175 coemiterio

389 1233 566 1310 ecclesiae
609 1237 688 1310 guo
734 1235 906 1310 Helenae
949 1238 985 1308 in
1020 1235 1102 1308 uico
1144 1251 1273 1330 portae
1313 1235 1478 1330 episcopi
1521 1232 1787 1331 (Bishopsgate

389 1367 528 1466 Street)
548 1372 650 1444 iuxta
670 1370 905 1444 Matthaeum
924 1385 1079 1467 patrem,
1098 1368 1265 1465 sepultus
1284 1385 1341 1443 est
1353 1375 1375 1442 ¹.
1435 1369 1604 1443 Uxorem
1630 1369 1789 1440 duxerat

390 1503 590 1577 Estheram
626 1505 673 1577 de
712 1505 850 1603 Peigni,
883 1530 930 1577 ex
965 1529 1040 1598 qua
1074 1501 1169 1577 filios
1207 1504 1438 1578 Robertum²
1468 1518 1508 1576 et
1541 1501 1787 1588 Matthaeum,

388 1633 482 1709 filias
519 1636 719 1711 Estheram
754 1653 793 1710 et
828 1637 979 1709 Annam
1011 1637 1230 1732 superstites
1263 1635 1429 1732 reliquit;
1470 1660 1627 1731 quorum
1664 1635 1788 1731 proles

388 1797 436 1843 an
454 1771 566 1845 hodie
583 1787 709 1844 exstet
726 1771 895 1844 nescitur.

443 1905 486 1977 ln
529 1902 665 1979 tabulis
704 1905 917 1978 testamenti
958 1903 1110 1977 fratrem
1153 1903 1374 2000 Scipionem,
1411 1921 1489 1978 tum
1532 1904 1710 1998 temporis
1752 1904 1789 1974 in

390 2038 597 2111 Academia
617 2036 853 2111 Altdorfiana
877 2035 1002 2134 legum
1027 2053 1313 2122 antecessorem,
1333 2054 1503 2134 precatus
1521 2053 1579 2109 est
1597 2054 1638 2110 ut
1654 2036 1789 2111 librum

390 2198 501 2245 manu
529 2197 597 2244 sua
632 2172 807 2267 scriptum
842 2172 890 2243 de
924 2170 1177 2243 Aduocatione
1210 2169 1419 2267 Hz'spam‘m
1454 2170 1552 2264 typis
1587 2171 1790 2257 mandaret,

390 2323 535 2380 ceteros
548 2330 680 2379 omnes
695 2302 968 2378 comburendos
986 2320 1140 2376 curaret.
1179 2302 1249 2376 Cui
1265 2320 1355 2377 uoto
1369 2304 1645 2398 obtemperauit
1663 2304 1788 2401 Scipio

392 2441 428 2512 in
447 2439 612 2535 eoquod
631 2437 932 2511 Aduocationem
955 2438 1198 2534 Hispanicam
1217 2435 1352 2534 publici
1371 2437 1459 2510 iuris
1478 2436 1615 2511 fecerit.
1656 2439 1788 2513 Libros

391 2590 537 2646 ceteros
561 2571 777 2644 combustos
802 2593 877 2642 non
900 2569 1015 2642 fuisse
1036 2570 1282 2643 certissimum
1310 2586 1377 2656 est,
1400 2571 1520 2666 primo
1546 2571 1648 2666 quod
1669 2597 1716 2646 ex
1745 2573 1788 2646 iis

392 2705 745 2782 commentationem
777 2704 823 2775 de
855 2701 902 2775 U.
926 2702 962 2775 S.
989 2704 1107 2776 edidit
1138 2703 1356 2778 Matthaeus
1387 2702 1483 2777 filius
1511 2730 1608 2779 anno
1637 2729 1788 2794 mocxrv,

392 2842 527 2915 deinde
553 2838 655 2934 quod
681 2863 810 2911 eorum
832 2860 880 2909 xv
899 2836 1098 2923 uolumina,
1117 2863 1190 2910 una
1216 2863 1299 2910 cum
1326 2837 1449 2910 fratris
1476 2838 1660 2935 Scipionis
1688 2840 1791 2914 uolu-

392 2976 552 3049 minibus
571 2997 644 3060 xrv,
664 2972 784 3046 adhuc
803 2971 839 3043 in
860 2969 1090 3046 Bibliotheca
1108 2988 1235 3046 nostra
1257 2970 1459 3045 Bodleiana
1477 2973 1722 3047 adseruantur
1734 2983 1754 3046 ³.

434 3245 442 3276 ¹
465 3243 564 3302 Locus
586 3240 748 3317 sepulturae
770 3239 964 3316 ignorabatur,
987 3239 1083 3299 donec
1104 3239 1314 3317 archaeologus
1333 3237 1518 3299 doctissimus
1540 3239 1649 3316 Ioseph
1671 3239 1791 3301 Lemuel

394 3341 516 3402 Chester
527 3339 676 3400 consultus
688 3337 839 3415 respondit
853 3337 1021 3397 meminisse
1037 3357 1066 3397 se
1077 3338 1237 3398 Gentilium
1252 3338 1372 3397 nomina
1385 3339 1416 3396 in
1431 3337 1636 3413 peruuluendis
1650 3341 1791 3400 ecclesiae

395 3441 454 3500 stae
473 3439 605 3500 Helenae
629 3437 756 3514 registris
778 3435 892 3495 uidisse.
949 3436 1006 3495 Die
1030 3437 1067 3494 vii
1094 3436 1160 3495 Iulii
1184 3436 1268 3496 huius
1292 3436 1370 3506 anni,
1394 3453 1465 3494 cura
1488 3434 1634 3513 Leopoldi
1660 3435 1791 3513 Reginae

394 3549 511 3598 nostrae
528 3536 586 3609 lilii,
601 3537 655 3594 uiri
676 3533 836 3594 admodum
855 3533 1032 3593 honorabilis
1047 3534 1170 3593 Roberti
1185 3533 1353 3592 Phillimore
1370 3533 1482 3611 equitis,
1498 3545 1719 3614 ceterorumque
1741 3537 1791 3613 qui

393 3638 423 3697 id
445 3638 499 3697 sibi
519 3643 739 3713 proposuerant,
759 3641 984 3690 monumentum
1006 3632 1036 3689 in
1057 3633 1228 3691 memoriam
1249 3631 1376 3691 Alberici
1396 3631 1519 3691 Gentilis
1541 3632 1570 3689 in
1592 3633 1647 3692 hac
1669 3635 1791 3693 ecclesia

394 3745 572 3796 exstructum
601 3742 659 3792 est:
693 3729 817 3789 familiae
846 3728 1006 3788 Gentilium
1034 3738 1063 3787 et
1092 3730 1194 3806 oppidi
1225 3728 1395 3805 Sanginesii,
1422 3746 1538 3787 necnon
1568 3730 1791 3791 Academiarum

394 3832 548 3892 Perusinae
570 3830 804 3904 Oxoniensisque
826 3827 989 3902 insignibus
1010 3837 1153 3886 omatum.

433 3930 444 3962 ²
465 3929 536 3987 Erat
549 3927 572 3986 1.
588 3925 620 3984 C.
637 3925 670 3984 B.
685 3935 714 3983 et
728 3924 802 3983 Coll.
818 3923 960 3982 Omnium
977 3925 1149 3983 Animarum
1165 3925 1270 3983 socius.

434 4027 444 4059 ³
466 4025 533 4084 Hos
552 4024 641 4083 libros
663 4022 727 4081 MS.
740 4020 936 4080 Bibliothecae
958 4032 1074 4080 nostrae
1093 4021 1295 4092 uendiderunt,
1307 4039 1385 4079 anno
1407 4041 1528 4094 uocccv,
1544 4022 1666 4082 heredes
1687 4023 1789 4081 biblio-

393 4125 464 4203 phili
475 4123 548 4182 illius
559 4119 716 4193 D'Oruille‚
731 4117 1035 4179 Amstelaedamensis.
1072 4118 1146 4178 Sunt
1159 4117 1278 4196 quidem
1293 4117 1407 4195 farrago
1423 4120 1676 4198 lurisprudentiae,
1687 4121 1718 4178 in
1732 4137 1790 4196 qua

393 4221 578 4282 tractationes
596 4230 625 4279 et
642 4217 845 4277 adnotationes
862 4219 965 4290 uariae,
981 4218 1095 4296 paginis
1116 4219 1190 4276 inter
1212 4236 1243 4276 se
1262 4217 1437 4289 commixtis,
1452 4219 1531 4277 uelut
1549 4236 1612 4278 sors
1634 4218 1789 4289 dictitabat,

392 4321 422 4379 in
437 4319 587 4379 uolumina
598 4326 737 4378 consutae
752 4323 827 4374 sunt.
857 4314 951 4375 Libris
962 4316 1127 4392 diligentius
1142 4317 1246 4375 iterum
1260 4316 1448 4392 inuestigatis,
1460 4317 1612 4376 adfirmare
1623 4334 1743 4394 possum
1760 4316 1790 4373 in

392 4420 426 4478 iis
438 4417 590 4478 contineri:
608 4414 785 4474 tractationis
799 4413 836 4473 de
851 4413 1084 4473 Condicionibus
1099 4425 1222 4491 quatuor
1236 4415 1365 4491 quinque
1377 4416 1586 4492 experimentm
1601 4424 1737 4474 tractatus
1752 4415 1789 4473 de

393 4515 430 4576 U.
446 4515 483 4588 S,
500 4516 536 4575 de
552 4515 664 4591 Papatu
677 4511 863 4584 Antichristo,
879 4511 1058 4590 Hispanicae
1073 4513 1295 4584 Aduocationis,
1310 4511 1347 4572 de
1362 4513 1480 4573 Iudiciis
1489 4534 1496 4584 ;
1519 4513 1745 4573 commentarios
1760 4513 1790 4569 in

394 4614 525 4673 diuersos
539 4612 728 4688 Digestorum
743 4610 853 4682 titulos;
870 4610 1074 4670 adnotationes
1083 4611 1113 4670 in
1122 4611 1242 4670 consilia
1254 4611 1421 4683 Alexandri,
1434 4611 1571 4683 Romani,
1583 4612 1694 4684 Alciati,
1706 4610 1791 4670 Decii
