4522 5570
476 749 519 812 60
962 743 1163 812 Ataanrcr
1191 755 1391 812 GENTJLIS

477 1003 520 1067 de
538 1004 780 1084 praeueniendo
798 1013 876 1068 sunt
897 1003 986 1085 apud
1003 1000 1146 1065 Gellium
1165 1001 1331 1076 notabilia,
1353 1001 1413 1064 ‘In
1432 1002 1585 1066 omnibus
1603 1003 1700 1066 rebus
1718 1003 1874 1067 cauendis

477 1117 567 1177 ‘non
590 1115 708 1178 eadem
730 1134 864 1192 caussa;
888 1134 995 1195 neque
1014 1114 1179 1178 humanae
1200 1113 1290 1177 uitae
1312 1113 1454 1195 negotia,
1473 1123 1506 1177 et
1529 1114 1683 1193 actiones,
1706 1124 1740 1178 et
1757 1115 1874 1193 officia,

478 1228 486 1258 ‘
525 1225 555 1288 el
584 1225 777 1307 occupandi,
806 1223 860 1288 uel
890 1224 1069 1301 differendi,
1100 1223 1154 1287 uel
1184 1223 1370 1300 ulciscendi,
1403 1223 1456 1287 uel
1490 1226 1637 1290 cauendi.
1683 1224 1875 1303 Gladiatori,

479 1336 686 1418 ‘composito
706 1337 749 1399 ad
774 1336 999 1417 pugnandum,
1022 1354 1153 1417 pugnae
1172 1334 1254 1398 haec
1276 1334 1445 1417 proposita
1467 1334 1533 1398 fors
1556 1345 1615 1414 est,
1637 1345 1695 1400 aut
1717 1337 1874 1410 occidere,

478 1447 528 1510 ‘si
548 1446 778 1528 occupauerit3
801 1455 859 1509 aut
877 1445 1079 1523 occumbere,
1096 1445 1125 1508 si
1143 1445 1329 1510 cessauerit.
1373 1445 1558 1509 Hominum
1580 1455 1693 1510 autem
1716 1447 1786 1510 uita
1808 1467 1875 1510 non

478 1562 571 1622 ‘tam
604 1557 723 1640 iniquis
758 1577 866 1639 neque
896 1565 966 1620 tam
996 1556 1165 1620 indomitis
1196 1556 1445 1621 necessitatibus
1475 1556 1720 1639 circumscripta
1748 1566 1808 1637 est,
1837 1566 1876 1622 ut

416 1719 417 1724 ,
479 1667 623 1734 ‘idcirco
646 1667 734 1751 prior
751 1667 902 1731 iniuriam
926 1666 1033 1732 facere
1053 1668 1184 1744 debeas
1198 1687 1308 1749 quam,
1323 1667 1384 1730 nisi
1402 1667 1524 1742 feceris,
1548 1669 1619 1750 pati
1641 1669 1746 1751 possis
1755 1665 1786 1732 ¹.'
1830 1669 1877 1732 Et

480 1777 605 1858 Cicero,
629 1777 733 1861 ‘Quis
754 1776 817 1842 hoc
835 1778 952 1841 statuit
974 1797 1141 1860 umquam,
1162 1786 1221 1841 aut
1243 1777 1294 1842 cui
1318 1778 1453 1841 concedi
1476 1779 1546 1842 sine
1571 1798 1702 1842 summo
1727 1779 1876 1843 omnium

481 1889 649 1972 ‘pen’culo
668 1897 787 1972 potest,
802 1896 840 1953 ut
858 1909 934 1952 eum
953 1888 1022 1953 iure
1040 1889 1184 1971 potuerit
1206 1887 1362 1965 occidere,
1379 1909 1399 1951 a
1416 1909 1483 1970 quo
1501 1890 1657 1961 metuisse
1672 1911 1708 1954 se
1723 1889 1820 1968 dicat,
1836 1910 1877 1953 ne

481 2007 489 2036 ⁸
504 2003 576 2084 ipse
591 2000 753 2082 posterius
768 1997 1023 2064 occideretur²?’
1067 1999 1136 2065 Sed
1152 2007 1241 2063 recte
1255 2007 1367 2063 tamen
1385 1998 1548 2062 Mitilenei
1563 2009 1677 2064 contra
1691 1999 1877 2063 Athenien·

481 2133 542 2190 ses,
557 2111 617 2177 ‘Si
633 2111 683 2176 cui
700 2111 851 2175 uidemur
867 2110 981 2189 iniurii,
995 2111 1085 2193 quod
1104 2111 1228 2194 priores
1246 2110 1434 2184 defecimus,
1452 2131 1518 2174 non
1533 2110 1781 2193 praestolantes,
1797 2112 1877 2174 dum

481 2224 603 2307 ‘plane
618 2242 891 2304 cognosceremus
908 2222 936 2286 si
956 2222 1036 2304 quid
1057 2221 1103 2285 illi
1120 2230 1283 2299 nocerent,
1299 2221 1325 2285 is
1341 2240 1406 2284 non
1423 2231 1510 2286 recte
1525 2222 1731 2287 considerat:
1757 2242 1833 2285 narn
1850 2221 1877 2284 si

482 2343 549 2398 ‘ex
567 2355 674 2417 aequo
693 2332 917 2410 ualuissemus‚
934 2343 967 2397 et
984 2333 1121 2398 tendere
1139 2332 1203 2396 illis
1220 2333 1355 2396 insidias
1373 2332 1526 2408 uicissim,
1544 2343 1577 2398 et
1591 2333 1737 2398 cunctari
1753 2333 1878 2416 potuis·

480 2449 615 2510 ‘semus
631 2453 713 2523 tuto,
728 2453 800 2508 tum
819 2443 875 2508 ille
892 2445 1016 2509 diceret
1031 2465 1154 2508 uerum.
1185 2454 1221 2509 at
1241 2465 1315 2509 cum
1337 2465 1438 2527 penes
1459 2465 1515 2508 eos
1535 2465 1666 2527 semper
1679 2447 1722 2509 sit
1739 2445 1879 2509 facultas

483 2556 669 2620 ‘nocendi:
702 2575 805 2637 penes
832 2576 892 2619 nos
915 2555 979 2620 hoc
1009 2555 1120 2620 decuit
1149 2575 1230 2633 esse,
1258 2564 1296 2619 ut
1326 2554 1551 2620 defensionem
1581 2552 1879 2639 anticiparemus³.’

483 2665 574 2750 Quid
601 2685 728 2730 rursum
752 2665 957 2748 postulamus
980 2666 1140 2745 Bartolos,
1163 2665 1305 2729 Baldos:
1334 2686 1474 2747 quorum
1496 2675 1555 2730 aut
1574 2667 1671 2731 nudis
1694 2666 1880 2730 nominibus

483 2775 792 2860 adquiesceremus?
824 2777 871 2839 Et
886 2776 1110 2841 defensionem
1128 2775 1343 2859 Reipublicae
1358 2777 1588 2855 nobilissimae,
1599 2778 1666 2842 imo
1675 2777 1878 2852 Thucididis‚

482 2888 626 2954 hominis
663 2886 856 2950 nobilissimi
889 2895 923 2950 et
959 2887 1199 2969 sapientissimi,
1232 2887 1439 2965 sententiam,
1472 2888 1598 2951 ratione
1633 2888 1879 2967 communitam,

483 2999 586 3083 pluris
605 3017 670 3062 non
688 2995 871 3061 faciamus?
917 2996 1005 3061 Cum
1023 3007 1136 3062 autem
1158 3018 1224 3060 non
1248 3018 1313 3061 una
1335 2998 1514 3079 probabilis
1533 3000 1673 3063 timendi
1695 3021 1794 3064 causa
1817 3000 1878 3064 sit:

484 3118 518 3174 et
533 3108 729 3192 generaliter
743 3109 787 3171 de
803 3129 841 3172 ea
857 3108 983 3172 definiri
999 3109 1079 3174 nihil
1094 3109 1220 3191 possit:
1243 3107 1296 3172 hic
1315 3108 1461 3173 dicemus
1482 3118 1623 3188 tantum,
1638 3112 1728 3193 quod
1751 3121 1893 3194 semper'

483 3219 545 3284 fuit
579 3219 678 3283 ualde
712 3218 964 3298 consideratum,
994 3229 1028 3283 et
1060 3219 1169 3295 hodie,
1200 3228 1233 3282 et
1263 3219 1420 3301 deinceps
1449 3221 1724 3285 considerandum
1754 3231 1813 3300 est,
1843 3229 1881 3285 ut

484 3329 687 3414 principibus
713 3329 905 3412 potentibus
930 3339 964 3393 et
989 3329 1171 3394 ambitiosis
1195 3329 1329 3393 obuiam
1354 3339 1466 3394 eatur:
1500 3329 1548 3393 illi
1574 3332 1662 3394 enim
1685 3331 1781 3394 nullis
1804 3352 1880 3396 con-

484 3441 569 3504 tenti
590 3440 720 3516 finibus,
743 3440 892 3504 omnium
913 3440 1091 3522 aliquando
1113 3439 1261 3503 fortunas
1285 3439 1421 3503 tandem
1448 3440 1616 3505 inuadent.
1661 3440 1717 3506 Sic
1737 3442 1881 3505 Romani

486 3560 623 3616 mouent
644 3551 770 3616 bellum
792 3559 906 3615 contra
929 3550 1138 3634 Philippum:
1160 3571 1202 3615 ne
1220 3551 1358 3615 subacta
1376 3551 1403 3614 is
1420 3550 1557 3616 Graecia
1575 3561 1724 3617 moueret
1741 3551 1774 3616 in
1793 3551 1881 3635 ipsos

485 3665 574 3748 prior
584 3663 607 3729 ⁴.
652 3662 709 3729 Sic
731 3661 960 3745 Lysimachus,
981 3662 1039 3726 ubi
1063 3663 1253 3726 Demetrius
1277 3683 1414 3745 regnum
1440 3664 1581 3746 adeptus
1607 3663 1678 3742 fuit,
1700 3683 1743 3727 ne
1766 3684 1802 3727 se
1828 3663 1882 3726 ille

485 3783 679 3859 prouocaret
696 3783 854 3852 metuens,
869 3775 995 3856 primus
1009 3793 1103 3838 arma
1117 3774 1307 3840 commouit.
1323 3784 1358 3841 et
1372 3775 1506 3854 sciebat,
1517 3786 1693 3859 paternum
1710 3775 1883 3839 Demetrio

485 3889 592 3951 inesse
614 3886 657 3949 de
679 3886 906 3968 promouendo
928 3885 1066 3969 imperio
1090 3886 1235 3968 cogitare
1258 3906 1388 3968 semper
1397 3885 1418 3950 ⁵.
1465 3886 1520 3951 Sic
1544 3886 1882 3952 Lacedaemoniorum

485 3997 585 4080 legati
609 4005 745 4060 monent
767 4017 879 4079 regem
899 3996 1030 4062 Siciliae
1052 3998 1095 4061 ad
1112 3997 1257 4062 bellum:
1280 3996 1357 4079 quia
1372 3997 1467 4061 uictis
1485 3997 1616 4080 reliquis
1633 3995 1766 4062 Graecis
1785 3996 1884 4061 Persa

485 4117 519 4172 et
537 4109 571 4170 in
587 4107 717 4172 Siculos
735 4127 827 4170 arma
849 4107 1068 4172 uerisimiliter
1090 4117 1237 4172 moturus
1255 4116 1350 4171 esset.
1380 4106 1494 4171 ‘nobis
1512 4128 1611 4191 opem
1629 4107 1765 4172 ferendo
1780 4115 1883 4171 temet

485 4216 642 4298 ‘tutaris'
667 4217 760 4281 aiunt
769 4219 792 4283 ⁶.
837 4218 893 4283 Sic
922 4219 984 4301 ipsi
1011 4219 1277 4298 Lacedaemonii,
1302 4218 1346 4283 ab
1372 4217 1548 4283 Acanthiis
1577 4220 1732 4302 persuasi,
1759 4216 1883 4281 bellum

484 4330 666 4413 suscipiunt
682 4335 796 4392 contra
809 4328 1006 4412 Olynthios:
1022 4329 1079 4411 qui
1094 4329 1276 4412 subigendo
1292 4329 1416 4392 uicinos
1431 4331 1585 4412 undique,
1602 4338 1636 4394 et
1650 4331 1694 4393 ad
1710 4329 1885 4392 remotiora

585 4562 594 4593 ¹
612 4561 678 4612 Gell.
688 4560 745 4611 libr.
759 4569 780 4623 7.
792 4574 814 4608 c.
827 4572 850 4621 3.
1009 4558 1019 4587 ²
1036 4558 1090 4608 Cic.
1101 4575 1147 4624 pro
1159 4559 1197 4610 M.
1209 4558 1276 4610 Tull.
1287 4561 1348 4627 frag.
1504 4563 1515 4593 ³
1531 4562 1610 4612 Thuc.
1621 4562 1665 4612 lib.
1678 4577 1700 4626 3.
1714 4579 1735 4613 c.
1749 4577 1787 4614 12.

650 4643 659 4673 ⁴
678 4645 782 4694 Zonara.
793 4642 837 4691 lib.
849 4657 873 4707 9.
885 4657 904 4691 c.
919 4653 958 4704 15.
1054 4639 1064 4670 ⁸
1081 4641 1152 4692 Paus.
1163 4641 1206 4691 lib.
1220 4657 1241 4693 1.
1253 4659 1275 4694 c.
1288 4657 1326 4694 ιο.
1424 4645 1435 4675 ⁸
1452 4645 1530 4696 Hero.
1541 4644 1585 4694 lib.
1599 4655 1621 4708 7.
1633 4661 1655 4695 c.
1668 4658 1723 4709 157.
