4522 5570
721 732 782 785 DE
814 731 917 787 IURE
945 731 1079 804 BELLA
1108 733 1188 790 LIB.
1210 734 1253 804 II,
1284 734 1372 789 CAP.
1401 735 1431 790 V.
1716 741 1778 810 145

375 980 489 1037 autem
511 973 720 1058 Augustinus
744 984 778 1040 et
805 975 958 1057 Aquinas
983 985 1114 1058 negant,
1134 997 1292 1058 umquam
1315 976 1438 1041 iustum
1462 996 1535 1040 esse
1558 976 1775 1055 mendacium,

376 1084 438 1147 etsi
457 1084 509 1148 uel
528 1085 632 1151 hostis
653 1107 712 1168 per
729 1086 809 1150 illud
828 1086 978 1151 fallatur:
1006 1087 1062 1170 qui
1081 1087 1202 1170 dignus
1220 1097 1271 1151 est
1289 1087 1357 1150 falli
1376 1095 1509 1151 tamen:
1537 1095 1571 1151 et
1591 1087 1676 1151 iuste
1693 1086 1777 1150 falli-

375 1203 430 1257 tur
451 1195 533 1260 alias
542 1195 562 1262 ¹.
607 1197 658 1264 At
679 1198 797 1263 horum
816 1199 965 1264 definitio
987 1198 1068 1264 haec
1091 1198 1138 1262 illi
1161 1199 1311 1263 innititur
1328 1197 1555 1277 fundamento,
1572 1199 1661 1281 quod
1684 1219 1776 1262 men-

375 1305 507 1370 dacium
529 1309 666 1373 omnino
689 1309 815 1373 nullum
842 1318 876 1374 et
899 1329 1081 1392 numquam
1103 1309 1235 1374 admitti
1258 1317 1347 1373 recte
1369 1311 1483 1390 possit.
1544 1309 1597 1373 De
1620 1330 1687 1392 quo
1709 1308 1777 1373 late

375 1435 396 1478 a
417 1418 513 1482 nobis
531 1439 591 1500 per
608 1420 769 1504 integram
787 1420 1046 1502 disputationem
1070 1420 1260 1502 expositum
1284 1429 1335 1483 est
1356 1419 1390 1484 in
1413 1419 1622 1484 contrarium.
1666 1419 1775 1484 Docui

375 1507 584 1593 mendacium
609 1551 680 1595 esse
704 1530 847 1614 aliquod,
870 1532 959 1612 quod
983 1530 1162 1613 aliquando
1186 1529 1318 1594 admitti
1343 1539 1431 1594 recte
1454 1531 1569 1612 possit.
1615 1529 1661 1591 Et
1684 1531 1774 1611 quod

374 1637 420 1701 sic
438 1637 625 1723 philosophi
645 1661 760 1705 omnes
778 1642 906 1720 docent,
924 1640 1152 1719 iurisconsulti,
1171 1640 1299 1720 medici,
1317 1640 1473 1721 rhetores,
1491 1648 1620 1723 poetae,
1635 1638 1701 1702 alii.
1731 1641 1776 1704 de

373 1749 492 1830 quibus
514 1750 567 1816 hic
590 1762 738 1834 repetere
760 1753 826 1818 iam
853 1773 919 1818 non
942 1752 1028 1817 uolo.
1074 1752 1130 1817 Sic
1152 1751 1299 1835 theologi
1320 1761 1398 1817 ante
1419 1751 1648 1836 Augustinum
1670 1749 1774 1837 (quod

373 1867 407 1923 et
424 1859 478 1925 hic
495 1860 672 1949 testatur2)
694 1883 779 1946 pene
801 1883 936 1942 omnes;
960 1873 994 1928 et
1016 1862 1164 1928 nonnulli
1187 1865 1289 1929 etiam
1307 1873 1392 1946 post.
1436 1861 1553 1946 Atque
1570 1863 1597 1926 si
1616 1863 1773 1927 iniustum

373 1990 439 2033 non
458 1982 517 2052 est,
532 1974 645 2057 sugam
663 1975 797 2058 fingere,
815 1976 968 2040 timorem
986 1974 1148 2054 simulare,
1167 1974 1405 2058 prosectionem
1423 1983 1597 2053 ostentare,
1617 1975 1650 2038 id
1669 1995 1774 2056 genus

372 2081 497 2166 reliqua
520 2105 638 2170 agere:
671 2107 736 2165 cur,
759 2085 857 2152 dictis
882 2087 1013 2151 hostem
1038 2086 1281 2165 circumuenire,
1305 2086 1461 2149 iniustum
1486 2083 1628 2149 suerit³?
1682 2085 1773 2148 Nam

371 2193 451 2273 quid
467 2195 611 2275 interest,
626 2177 744 2277 uerbis,
760 2197 813 2262 uel
829 2197 924 2262 lactis
939 2197 1083 2277 simules,
1098 2198 1219 2280 lingua,
1235 2195 1289 2261 uel
1306 2196 1458 2260 manibus
1473 2195 1656 2278 pedibusue
1671 2195 1772 2278 signi·

371 2304 458 2384 fices,
476 2307 546 2372 lore
567 2310 657 2391 quod
681 2329 747 2374 non
770 2309 915 2373 futurum
938 2306 1129 2391 cognoscis?
1162 2307 1325 2373 iacturum
1347 2315 1391 2386 te,
1409 2307 1499 2390 quod
1521 2315 1556 2372 te
1577 2327 1645 2370 non
1667 2306 1773 2372 iactu·

370 2434 443 2479 rum
465 2419 569 2500 probe
589 2419 708 2485 tenes?
754 2420 896 2485 Dubitat
918 2420 952 2484 in
973 2421 1168 2504 quaestione
1186 2418 1407 2502 Augustinus.
1451 2417 1503 2482 At
1523 2438 1585 2501 ego
1605 2419 1706 2484 etiam
1730 2419 1773 2484 de

369 2525 551 2593 Ambrosio
566 2530 652 2608 noui,
667 2531 758 2596 etde
780 2529 952 2614 Aquinate
970 2551 1038 2594 non
1059 2529 1167 2594 solum
1187 2530 1220 2593 in
1238 2529 1329 2595 salsis
1344 2529 1463 2606 uerbiS,
1482 2530 1540 2594 sed
1559 2528 1659 2593 etiam
1678 2529 1712 2593 in
1729 2530 1773 2592 si·

371 2637 505 2704 mulatis
526 2642 681 2723 operibus
703 2662 775 2706 esse
797 2641 1006 2706 mendacium
1016 2639 1038 2705 ⁴.
1085 2641 1131 2705 Et
1152 2660 1214 2705 nec
1236 2641 1343 2706 solum
1366 2641 1468 2706 uerba
1489 2661 1560 2705 esse
1586 2641 1689 2724 signa,
1712 2642 1771 2705 sed

369 2758 403 2814 et
423 2749 520 2830 facta,
538 2752 571 2816 in
595 2753 764 2838 proposito
782 2774 915 2837 quoque
930 2751 1102 2818 mendacii.
1148 2753 1195 2817 Et
1217 2753 1264 2818 sic
1279 2762 1329 2818 est
1343 2774 1477 2837 quoque
1494 2773 1516 2818 a
1534 2752 1772 2819 Melancthone

368 2860 491 2925 tradita
527 2863 692 2928 mendacii
725 2864 884 2942 delinitio,
917 2864 1152 2929 ‘Mendacium
1190 2872 1241 2928 est
1277 2865 1464 2947 petulanter
1497 2876 1557 2932 aut
1588 2865 1771 2948 cupiditate

368 2972 532 3036 ‘nocendi
553 2972 642 3037 aliud
662 2973 762 3058 loqui,
780 2995 837 3038 seu
861 2984 957 3057 gestu
981 2975 1174 3058 significare,
1193 2982 1226 3038 et
1250 2974 1339 3039 aliud
1362 2975 1483 3040 sentire
1494 2973 1528 3042 ⁶.'
1574 2975 1619 3040 Et
1639 2976 1771 3041 Aristo-

367 3080 450 3145 teles
479 3082 514 3145 in
537 3092 678 3149 tractatu
706 3085 749 3149 de
775 3087 962 3164 ueracitate,
985 3096 1019 3150 et
1046 3086 1116 3149 eius
1140 3085 1300 3149 extremis
1324 3085 1372 3150 sic
1401 3086 1456 3166 ait,
1481 3097 1551 3151 tam
1576 3087 1770 3165 actionibus,

366 3211 467 3274 quam
486 3195 595 3259 uerbis
613 3196 683 3260 fieri
704 3197 921 3262 mendacium.
967 3197 1014 3261 Et
1032 3196 1257 3261 Archidamus
1275 3197 1442 3281 eleganter
1463 3200 1506 3263 de
1526 3219 1566 3262 eo
1588 3199 1644 3282 qui
1668 3217 1769 3261 canus

367 3324 409 3368 ne
430 3306 596 3370 uideretur
617 3309 740 3372 tinctus
762 3307 888 3390 capillis
911 3316 990 3371 erat.
1038 3307 1150 3389 ‘Quid
1173 3307 1296 3371 diceret
1325 3328 1403 3371 uere
1425 3308 1453 3370 is
1475 3308 1532 3390 qui
1559 3309 1770 3372 mendacium

367 3415 493 3480 ‘etiam
513 3417 546 3480 in
567 3418 675 3501 capite
695 3416 855 3484 habetfli'
901 3419 957 3484 Sic
976 3418 1120 3482 Dauidis
1138 3419 1346 3483 mendacium
1368 3418 1432 3482 dici
1451 3420 1580 3500 poterit,
1601 3420 1657 3501 qui
1680 3419 1767 3481 insa-

366 3546 447 3591 num
469 3528 647 3612 aliquando
669 3529 781 3614 egit⁷;
814 3541 848 3595 et
870 3532 926 3612 qui
945 3530 1131 3594 defenditur
1149 3529 1191 3592 ab
1209 3529 1389 3593 Ambrosio
1399 3527 1421 3594 ⁸.
1466 3528 1535 3594 Sed
1554 3529 1655 3593 finem
1672 3528 1767 3593 facio.

367 3637 413 3703 Et
435 3659 516 3721 rogo
541 3639 606 3704 hoc
630 3661 741 3718 unum,
764 3640 844 3723 quid
871 3640 952 3705 illud
980 3640 1104 3703 Elisaei
1131 3641 1182 3713 sit,
1207 3641 1298 3723 quod
1324 3659 1400 3703 curn
1426 3660 1486 3704 rex
1511 3639 1627 3722 Syriae
1650 3660 1767 3722 capere

365 3749 460 3813 illurn
481 3749 679 3833 prophetam
702 3761 845 3835 cuperet,
874 3759 907 3814 et
930 3750 1132 3831 quaesiisset,
1154 3750 1210 3813 ubi
1233 3760 1374 3832 caperet,
1397 3751 1486 3813 misit
1511 3751 1568 3833 qui
1595 3751 1767 3814 obsidione

365 3859 534 3943 cingerent
560 3861 684 3940 urbem,
707 3861 741 3924 in
768 3881 834 3943 qua
860 3860 1012 3924 Elisaeus
1039 3868 1119 3923 erat.
1150 3859 1204 3923 hic
1230 3867 1342 3922 autem
1367 3859 1410 3922 ad
1437 3868 1662 3941 persecutores
1689 3879 1766 3920 suos

364 3970 547 4049 descendit,
571 3989 668 4034 orans
697 3971 816 4050 Deum,
844 3979 880 4035 ut
908 3991 964 4034 eos
990 3969 1228 4052 oculorumque
1254 3969 1440 4050 mentisque
1466 3969 1626 4033 caecitate
1651 3988 1766 4051 percu-

364 4091 450 4148 teret
458 4083 480 4145 ⁰.
526 4083 572 4147 Et
589 4091 661 4148 tum
677 4082 759 4148 haec
774 4082 915 4148 iaciente
935 4083 1019 4160 De0,
1034 4083 1081 4146 ait
1100 4082 1251 4147 Elisaeus
1274 4080 1377 4166 Syris,
1395 4082 1494 4146 ‘Non
1516 4092 1566 4147 est
1585 4081 1667 4146 haec
1690 4082 1764 4161 uia;

394 4363 403 4394 ¹
421 4365 487 4431 Aug.
499 4365 550 4416 Ios.
562 4381 586 4430 q.
603 4379 647 4422 11:
664 4365 740 4431 Aqui.
754 4380 775 4414 a.
789 4379 810 4415 2.
823 4379 847 4430 q.
858 4380 899 4429 4ο.
910 4381 933 4415 a.
949 4380 971 4428 3.
1037 4365 1047 4393 ²
1064 4365 1131 4429 Aug.
1142 4363 1202 4414 Leu.
1216 4379 1240 4428 q.
1252 4363 1293 4414 68.
1358 4365 1368 4394 ³
1385 4365 1470 4415 Caser.
1483 4378 1504 4416 a.
1516 4365 1548 4415 de
1559 4364 1609 4416 Sin.
1622 4367 1677 4417 Cer.
1692 4378 1730 4427 13·

589 4446 638 4498 ⁴c.
653 4459 691 4496 ao.
706 4462 744 4497 aa.
755 4464 779 4513 q.
791 4463 822 4510 4;
839 4448 888 4512 Aq.
902 4463 924 4499 a.
939 4462 959 4496 a.
971 4463 995 4512 q.
1011 4461 1064 4499 111.
1076 4464 1099 4498 a.
1113 4461 1136 4498 1.
1319 4445 1329 4475 ⁸
1345 4446 1440 4498 Melan.
1451 4447 1533 4498 Defin.

522 4530 532 4560 ⁸
549 4527 752 4662 Βῒοήαῷξιί
768 4529 808 4663 ile.
816 4529 865 4662 ἑὲ.
879 4529 988 4676 iahed.
1001 4545 1024 4593 3.
1281 4529 1291 4558 ²
1312 4529 1456 4676 1¹⁸8ngng
1470 4528 1547 4660 e6tPs.
1559 4542 1600 4592 3⁴·
