4498 5566
715 755 777 809 DE
804 756 909 810 IURE
938 756 1073 826 BELLI,
1104 755 1183 812 LIB.
1206 756 1230 825 I,
1264 757 1351 812 CAP.
1374 756 1430 813 IX.
1726 765 1769 833 39

371 997 483 1062 Deum
501 1007 561 1063 est.
606 998 663 1062 Ius
682 1007 733 1063 est
755 998 912 1078 diuinum,
932 999 966 1090 id
985 1009 1043 1078 est,
1062 1001 1147 1064 inter
1165 1000 1275 1064 Deum
1299 1008 1333 1063 et
1354 998 1541 1063 hominem:
1569 1020 1634 1064 non
1653 999 1772 1064 estius

370 1106 561 1188 humanum,
576 1110 610 1174 id
629 1118 688 1189 est,
703 1111 789 1174 inter
802 1110 971 1174 hominem
991 1120 1025 1174 et
1042 1109 1220 1174 hominem.
1268 1111 1359 1174 Nihil
1378 1111 1477 1195 igitur
1491 1111 1653 1194 quaeritat
1670 1111 1773 1176 homo

371 1219 531 1285 uiolatum
546 1219 606 1284 sibi
623 1221 667 1285 ob
682 1221 782 1285 aliam
798 1220 996 1304 religionem.
1042 1221 1148 1286 Aiunt
1171 1223 1226 1285 alii
1245 1222 1470 1304 imperatoreS,
1485 1224 1519 1287 in
1534 1224 1682 1288 omnium
1697 1222 1772 1287 ferri

371 1331 531 1410 iniuriam,
550 1332 577 1396 si
601 1334 845 1397 contaminetur
866 1332 979 1416 religio
989 1331 1007 1396 ¹.
1054 1333 1100 1397 Et
1123 1333 1169 1397 M.
1193 1333 1331 1409 Tullius,
1356 1336 1446 1417 quod
1469 1334 1593 1417 pietate
1614 1335 1773 1399 aduersus

372 1443 463 1506 Deos
478 1443 620 1520 sublata,
638 1443 720 1508 fides
737 1446 846 1523 etiarn,
860 1455 894 1510 et
909 1445 1049 1510 societas
1064 1445 1200 1509 humani
1215 1445 1352 1528 generis,
1365 1455 1398 1510 et
1413 1466 1478 1510 una
1494 1445 1773 1511 excellentissima

372 1554 483 1633 uirtus,
499 1555 623 1619 iustitia
638 1553 795 1620 tollitur2.

414 1664 465 1730 At
481 1687 587 1749 neque
603 1688 665 1730 nos
681 1665 846 1749 loquimur
858 1689 944 1732 nunc
955 1667 998 1731 de
1013 1666 1064 1730 his
1079 1668 1143 1750 qui,
1155 1667 1296 1732 serarum
1313 1669 1413 1732 modo
1429 1669 1535 1752 magis
1549 1689 1650 1752 quam
1665 1666 1772 1732 homi-

371 1798 451 1840 num
470 1778 628 1855 uiuenteS,
641 1779 711 1842 sine
726 1779 794 1843 ulla
805 1780 939 1844 omnino
955 1779 1111 1862 religione
1126 1791 1223 1860 sunt3
1246 1780 1308 1844 hos
1324 1780 1411 1844 enim
1426 1781 1520 1862 quasi
1536 1781 1665 1864 piratas,
1682 1800 1772 1845 com-

371 1909 487 1952 munes
504 1887 617 1953 hostes
635 1889 793 1970 omnium,
809 1890 898 1954 bello
916 1892 1168 1974 persequendos,
1184 1901 1218 1956 et
1237 1891 1404 1973 cogendos
1422 1891 1455 1954 in
1475 1912 1582 1955 mores
1599 1890 1772 1956 hominum

371 1999 552 2064 arbitrarer.
599 2000 646 2063 Hi
666 2001 755 2065 enim
772 2022 850 2065 uere
865 2003 1018 2066 uidentur
1032 2002 1140 2065 iniurii
1156 2002 1309 2066 omnibus
1325 2002 1521 2082 hominibus,
1537 2003 1592 2085 qui
1612 2003 1644 2065 in
1662 2002 1771 2086 specie

372 2109 543 2175 hominum
555 2121 659 2195 agunt
672 2113 775 2177 uitam
791 2114 961 2177 brutorum
977 2113 1249 2178 brutissimorum.
1277 2113 1361 2177 Esse
1373 2114 1460 2176 enim
1476 2124 1509 2178 et
1523 2114 1627 2177 brutis
1639 2113 1772 2196 quibus·

372 2223 450 2286 dam
467 2223 657 2306 religionem
674 2224 828 2306 aliquam,
843 2225 1001 2288 traditum
1017 2234 1051 2288 et
1067 2225 1227 2289 creditum
1244 2235 1294 2289 est
1304 2224 1326 2288 ³.
1365 2225 1413 2287 Hi
1428 2234 1513 2303 sunt,
1529 2225 1584 2307 qui
1598 2225 1771 2308 gigantum

372 2355 463 2398 more
474 2333 598 2398 bellurn
609 2345 727 2419 gerunt
742 2355 818 2399 cum
834 2336 917 2400 Deo.
947 2336 1036 2400 Nam
1049 2336 1141 2418 ‘quid
1157 2335 1246 2400 aliud
1261 2346 1324 2413 est,
1337 2356 1411 2400 cum
1424 2335 1486 2400 diis
1497 2335 1668 2418 gigantum
1682 2355 1771 2399 more

373 2449 380 2476 ‘
395 2444 528 2524 bellare,
544 2446 606 2508 nisi
623 2454 759 2510 naturae
775 2467 957 2529 repugnare
969 2445 1011 2508 ⁴l’
1043 2447 1126 2510 Iuris
1141 2457 1278 2511 naturae
1294 2456 1343 2512 est
1362 2447 1483 2530 religio.
1520 2447 1566 2511 Et
1584 2447 1696 2529 itaque
1711 2467 1771 2511 nec

372 2557 631 2640 patrocinabitur
646 2557 695 2620 ius
711 2558 800 2622 istud
816 2558 1009 2641 expertibus
1024 2559 1134 2641 ipsius.
1182 2558 1227 2623 Et
1241 2559 1304 2624 hoc
1320 2569 1431 2623 tamen
1447 2558 1544 2636 addo,
1555 2568 1690 2642 gentem
1705 2579 1771 2623 non

373 2688 445 2732 esse
454 2669 624 2747 eiusmodi,
634 2669 685 2733 cui
697 2668 809 2752 religio
821 2668 912 2733 nulla
922 2669 990 2733 sit⁵.
1011 2669 1096 2753 Age,
1107 2669 1253 2752 aliquam
1265 2670 1344 2734 mihi
1354 2670 1515 2735 eiusmodi
1524 2679 1657 2753 gentem
1668 2689 1771 2734 narra.

419 2778 471 2842 Illi
490 2788 645 2862 expertes
660 2800 726 2843 non
746 2789 823 2844 sunt
839 2781 916 2845 iuris
935 2790 1070 2845 naturae
1089 2780 1186 2845 huius
1204 2781 1260 2864 qui
1279 2802 1386 2846 errore
1400 2780 1547 2846 humano
1562 2791 1723 2861 tenentur,
1739 2791 1774 2847 et

373 2890 451 2954 boni
468 2891 648 2973 cupiditate
663 2893 834 2971 ducuntur,
851 2903 884 2956 et
902 2913 968 2956 non
986 2892 1110 2956 bonam
1133 2892 1324 2975 religionem
1347 2901 1522 2958 sectantur.
1568 2893 1624 2958 Sic
1649 2893 1773 2958 miseri-

373 3000 485 3066 cordia
500 3002 617 3084 dignos
632 3000 839 3067 Alemannos
855 3003 1054 3083 idololatras,
1070 3004 1156 3068 dixit
1172 3002 1369 3087 Agathias⁰.
1400 3005 1518 3087 Itaque
1534 3004 1674 3069 docendi
1686 3015 1771 3084 sunt,

374 3122 407 3177 et
425 3111 559 3192 serendi,
578 3133 643 3177 non
667 3115 805 3197 cogendi
827 3124 886 3180 aut
908 3115 1159 3180 exterminandi.
1204 3116 1347 3180 Iudaeos
1370 3136 1436 3179 non
1455 3115 1689 3192 molestandos,
1705 3136 1771 3180 non

373 3224 621 3309 compellendos
639 3226 681 3290 ad
700 3225 809 3305 fidem,
825 3227 887 3290 etsi
906 3236 981 3309 post
1002 3227 1167 3292 Christum
1191 3249 1256 3292 non
1279 3227 1432 3292 differant
1450 3227 1496 3291 illi
1519 3228 1562 3291 ab
1580 3227 1772 3307 idololatris,

373 3336 474 3401 etiam
493 3336 688 3419 interpretes
703 3337 780 3401 iuris
799 3360 843 3402 ex
858 3338 945 3403 sacto
969 3339 1119 3418 consulti,
1134 3340 1373 3422 responderunt
1391 3339 1501 3421 plures
1509 3338 1532 3404 ⁷.
1577 3338 1643 3422 Qui
1659 3347 1771 3403 autem

373 3470 394 3512 a
412 3447 554 3512 ciuitatis
573 3448 699 3530 reliquo
717 3469 854 3532 corpore
871 3449 1048 3533 seiungunt
1065 3471 1109 3530 se,
1125 3461 1158 3514 et
1175 3448 1275 3515 aliam
1294 3450 1465 3515 ciuitatem
1488 3449 1636 3514 excitant
1659 3459 1773 3515 contra

373 3560 549 3638 ciuitatem,
565 3559 598 3623 hi
614 3560 782 3642 publicum
798 3563 934 3626 turbant
949 3572 1081 3638 statum,
1099 3572 1132 3627 et
1148 3562 1254 3626 iniurii
1275 3572 1352 3627 sunt
1370 3562 1501 3644 reliquis
1516 3561 1651 3626 ciuibus.
1698 3562 1773 3627 Hos

373 3671 559 3756 intelligunt
575 3673 754 3755 supradicti
771 3673 999 3756 Imperatores.
1044 3673 1094 3738 At
1112 3676 1167 3756 qui
1187 3675 1220 3737 in
1235 3674 1299 3739 alia
1316 3675 1450 3739 ciuitate
1464 3683 1549 3753 sunt,
1564 3673 1598 3737 hi
1614 3674 1641 3737 si
1658 3674 1773 3738 uiuunt

373 3784 467 3848 aliter
488 3794 587 3867 atque
610 3805 671 3848 nos
693 3784 835 3848 uiuimus
853 3785 887 3847 in
905 3785 1039 3849 ciuitate
1061 3794 1181 3863 nostra,
1200 3805 1260 3848 nos
1283 3785 1397 3867 utique
1416 3805 1481 3848 non
1500 3779 1690 3848 offendunt.v
1728 3783 1773 3848 Et

373 3896 419 3960 ita
442 3916 515 3960 curn
538 3894 663 3959 bellum
686 3895 773 3960 istud
795 3895 848 3960 uel
872 3895 1109 3959 uindicatiuum
1131 3894 1236 3974 fuerit,
1258 3895 1311 3958 uel
1334 3895 1530 3976 punitiuum,
1553 3895 1674 3957 iustum
1701 3912 1773 3956 esse

374 4017 526 4072 neutrum
550 4016 673 4090 potest.
717 4007 936 4090 nequeenim
960 4005 1039 4070 laesi
1062 4026 1183 4084 sumus,
1207 4012 1244 4067 ut
1266 4002 1463 4068 ulciscamur
1484 4005 1577 4083 iuste,
1599 4023 1707 4086 neque
1725 4002 1771 4068 illi

374 4120 476 4183 nostri
498 4128 576 4183 sunt
597 4118 730 4198 subditi,
753 4129 789 4183 ut
812 4118 919 4201 puniri
941 4138 962 4181 a
985 4116 1079 4181 nobis
1101 4116 1253 4180 debeant.
1297 4114 1398 4198 Quod
1417 4124 1450 4180 et
1473 4115 1630 4179 Didacus.
1677 4112 1772 4178 Paria

374 4239 458 4310 sunt,
474 4230 589 4314 punire
603 4231 820 4310 innocentem,
836 4239 869 4295 et
885 4237 1068 4309 nocentem,
1082 4249 1181 4311 quem
1199 4237 1236 4292 tu
1254 4227 1370 4312 punire
1385 4246 1450 4289 non
1466 4225 1567 4290 debes
1577 4224 1599 4290 ⁸.

406 4429 415 4460 ¹
431 4430 448 4480 l.
460 4447 483 4495 4.
496 4433 526 4483 C.
538 4431 569 4482 de
580 4430 673 4481 haeret.
685 4433 720 4495 (1.
733 4431 769 4493 5).
865 4429 874 4458 ¹
891 4429 945 4481 Cic.
960 4443 981 4481 1.
993 4429 1025 4480 de
1036 4430 1096 4480 Nat.
1109 4429 1185 4480 Deor.
1199 4443 1221 4480 a.
1308 4428 1318 4459 ⁸
1335 4427 1425 4479 Chass.
1437 4432 1485 4477 cat.
1496 4443 1521 4492 p.
1533 4425 1578 4475 ult.
1591 4425 1684 4476 consid.
1699 4425 1737 4487 78.

503 4513 512 4544 ⁴
528 4513 582 4564 Cic.
595 4514 660 4564 Cato
675 4528 697 4564 2.
712 4527 734 4563 a.
883 4511 893 4542 ⁸
910 4513 964 4564 Cic.
979 4527 999 4562 1.
1011 4513 1042 4563 de
1054 4512 1113 4562 Nat.
1125 4512 1201 4562 Deor.
1216 4509 1254 4560 16.
1392 4511 1402 4540 ⁶
1419 4509 1514 4576 Agath.
1528 4522 1549 4560 1.
1562 4507 1639 4558 Goth.

667 4595 678 4626 ⁷
695 4595 764 4646 Bald.
780 4611 800 4646 r.
814 4612 883 4646 cons.
897 4596 952 4659 316.
1120 4637 1124 4645 ,
1191 4595 1201 4626 ⁸
1217 4594 1291 4643 Alex.
1303 4592 1327 4645 6.
1339 4610 1406 4646 cous.
1421 4607 1476 4658 ²²5·
