4522 5570
662 793 723 846 DE
751 792 855 846 IURE
883 791 1017 859 BELLI,
1048 791 1176 861 LIB.I,
1208 791 1294 845 CAP.
1318 791 1437 845 XXIII.
1689 798 1749 864 107

350 1035 488 1117 imperio
512 1043 729 1098 asseruerunt.
764 1043 797 1096 et
822 1033 903 1096 illud
928 1054 1064 1114 regnum
1089 1035 1203 1096 datum
1229 1034 1362 1096 Francis
1385 1033 1464 1096 olim
1490 1035 1533 1097 ab
1558 1035 1751 1116 imperator·

350 1147 422 1209 ibus
453 1146 622 1219 Romanis
651 1156 684 1208 et
710 1145 861 1208 auulsum
886 1167 906 1208 a
930 1166 1066 1227 corpore
1092 1145 1221 1226 imperii
1251 1165 1383 1226 prorsus
1407 1145 1505 1208 luisse
1532 1146 1680 1209 uidetur:
1715 1155 1751 1208 ut

348 1256 547 1320 Anastasius
570 1256 781 1338 chlamydem
804 1257 1049 1338 imperatoriam
1073 1267 1106 1319 et
1129 1276 1285 1320 coronam
1304 1276 1438 1319 auream
1462 1257 1596 1321 Francis
1621 1257 1752 1339 regibus

350 1370 451 1446 dedit,
468 1378 501 1431 et
518 1369 717 1431 Iustinianus
733 1369 907 1449 imperium
921 1366 1101 1431 Galliarum
1118 1368 1243 1430 eisdem
1260 1369 1417 1448 rescripto
1436 1388 1496 1430 suo
1514 1369 1722 1432 confirmauit
1731 1365 1751 1431 ¹.

353 1480 496 1561 Hispani
519 1480 643 1554 itidem,
661 1489 694 1542 et
713 1478 818 1562 Angli
841 1489 937 1543 extra
959 1480 1132 1561 imperium
1156 1478 1237 1541 illud
1261 1487 1356 1542 sunt:
1380 1479 1436 1560 qui
1458 1480 1572 1561 populi
1592 1480 1753 1543 Romanis

352 1589 604 1673 imperatoribus
627 1590 783 1668 derelicti,
805 1601 862 1654 aut
885 1611 1064 1673 numquam
1091 1591 1214 1654 subditi
1243 1589 1478 1668 Romanorum,
1502 1611 1602 1672 regna
1628 1591 1752 1654 isthaec

353 1713 411 1766 aut
434 1703 477 1765 de
499 1701 555 1765 illo
582 1711 759 1783 rapuerunt
782 1702 928 1783 imperio
948 1712 1006 1765 aut
1029 1703 1072 1765 de
1097 1702 1149 1765 his
1172 1702 1229 1784 qui
1252 1711 1427 1783 rapuerant
1451 1701 1612 1765 Romanis
1635 1712 1752 1765 antea:

354 1823 387 1876 et
410 1813 472 1876 sibi
488 1813 554 1875 iam
577 1813 700 1876 habent
723 1834 782 1894 per
803 1812 913 1876 secula
936 1812 1049 1877 multa.
1095 1811 1248 1876 Ridicula
1269 1812 1325 1874 illa
1348 1823 1532 1875 nostrorum
1555 1822 1754 1890 commenta,

354 1925 409 2006 qui
426 1924 548 2002 uolunt,
565 1925 633 1987 iure
649 1925 813 1988 subiectos
829 1934 862 1988 et
880 1923 942 1986 hos
958 1945 1029 1986 esse
1050 1924 1237 2005 imperatori
1259 1922 1409 2004 populos,
1424 1923 1466 1986 de
1481 1922 1570 1987 facto
1590 1944 1656 1987 non
1672 1944 1753 1986 esse.

353 2034 469 2117 Atque
494 2034 646 2097 Alciatus
676 2055 761 2099 nunc
791 2037 991 2116 prudentius,
1016 2035 1268 2116 circumscriptis
1293 2034 1480 2098 huiusmodi
1507 2035 1755 2099 auctoritatibus

355 2155 550 2222 nostrorum,
567 2145 614 2208 ait
632 2166 729 2226 posse
749 2147 909 2222 sustineri,
928 2146 1078 2209 subditos
1099 2147 1166 2208 imo
1186 2165 1251 2208 non
1273 2166 1344 2208 esse
1362 2145 1551 2226 imperatori
1569 2144 1630 2208 hos
1649 2166 1755 2227 popu-

276 2324 280 2330 ,
355 2255 436 2320 10s2.
480 2255 531 2319 At
551 2256 594 2319 de
617 2255 710 2319 Italis
733 2277 798 2319 non
814 2277 915 2319 unum
936 2255 1034 2319 suerit
1052 2257 1217 2319 iudicium.
1264 2257 1352 2318 Nam
1376 2265 1452 2318 sunt
1470 2256 1605 2338 quidam
1628 2256 1755 2337 imperii

357 2367 553 2444 Germanici,
571 2367 660 2449 quod
685 2368 875 2430 Romanum
898 2367 1123 2448 appellamus:
1150 2377 1186 2430 ut
1210 2367 1468 2431 Mediolanensis
1491 2368 1639 2445 ducatus,
1660 2367 1756 2430 Man·

356 2491 486 2557 tuanus,
511 2478 566 2542 alii
589 2478 744 2559 quidam;
782 2488 883 2560 atque
910 2480 952 2542 de
978 2479 1029 2542 his
1056 2480 1089 2543 id
1111 2481 1179 2558 erit,
1202 2480 1291 2561 quod
1315 2479 1357 2541 de
1379 2479 1451 2560 ipso
1475 2480 1535 2542 erit
1559 2479 1756 2544 Germanico

357 2590 503 2672 imperio.
550 2587 637 2652 Sunt
655 2609 761 2670 porro,
776 2591 831 2671 qui
852 2609 912 2652 nec
934 2591 1002 2653 eius
1023 2599 1099 2654 sunt
1120 2590 1255 2671 imperii,
1271 2610 1331 2652 nec
1352 2610 1426 2653 cum
1445 2610 1485 2652 eo
1500 2590 1638 2672 imperio
1660 2591 1756 2673 quid-

356 2721 457 2783 quam
482 2700 626 2763 habent:
659 2710 696 2763 ut
723 2701 855 2765 Ueneti.
912 2702 975 2764 Est
1001 2702 1129 2780 deinde,
1152 2701 1209 2783 qui
1235 2700 1358 2783 aliquid
1384 2699 1484 2764 habet
1511 2721 1585 2764 cum
1612 2702 1757 2783 imperio,

358 2813 530 2874 Romanus
550 2811 702 2893 pontifex
715 2833 722 2889 ;
754 2812 806 2874 cui
830 2821 907 2874 sunt
930 2810 1102 2876 feudatarii
1125 2811 1180 2888 illi,
1204 2810 1427 2888 Ferrariensis,
1450 2820 1483 2874 et
1507 2811 1701 2892 Parmensis,
1724 2823 1758 2876 et

357 2923 412 2986 alii
432 2926 540 3000 duces
557 2933 590 2985 et
610 2924 681 3004 ipse
700 2922 940 3004 Neapolitanus
959 2943 1028 2986 rex.
1074 2921 1119 2986 Et
1138 2923 1181 2985 de
1201 2922 1356 3003 pontifice
1374 2921 1492 3004 loquor
1510 2944 1605 3002 nunc,
1621 2932 1658 2988 ut
1673 2945 1760 2989 nunc

357 3045 434 3098 sunt
455 3056 507 3098 res
522 3037 591 3098 eius
605 3036 741 3099 accisae.
787 3035 877 3097 Nam
899 3035 1055 3116 pertinuit
1079 3035 1120 3097 ad
1145 3034 1237 3096 illum
1258 3034 1436 3116 aliquando
1455 3033 1598 3116 Liguria,
1616 3035 1758 3113 Corsica,

358 3145 601 3228 Longobardia
617 3146 769 3224 Uenetia,
787 3145 892 3224 Istria,
908 3146 1025 3226 ecquid
1046 3165 1112 3208 non
1134 3144 1167 3207 in
1188 3143 1329 3207 Italia³?
1376 3144 1448 3207 Imo
1465 3146 1564 3208 etiam
1580 3156 1676 3209 extra
1692 3148 1760 3210 Ita·

358 3257 436 3320 liam
452 3268 509 3320 aut
524 3256 714 3335 feudataria,
729 3267 786 3321 aut
805 3257 975 3320 tributaria
996 3257 1103 3320 eidem
1123 3256 1264 3320 extitere
1286 3275 1387 3336 regna
1405 3256 1591 3336 Hibemiae‚
1606 3258 1761 3340 Angliae,

360 3367 500 3448 Scotiae,
528 3368 692 3446 Poloniae,
719 3369 827 3451 ipsum
857 3368 1088 3431 Germanicum
1116 3368 1298 3448 imperium,
1322 3368 1429 3448 ipsum
1460 3388 1595 3450 regnum
1627 3369 1761 3432 Franci-

359 3501 434 3544 cum
444 3479 466 3538 ⁴.
513 3479 669 3545 Ceterum
685 3481 717 3541 in
733 3480 872 3560 imperio
888 3481 1068 3542 etiamnum
1084 3478 1205 3542 habere
1221 3478 1292 3542 uult
1308 3479 1441 3561 aliquid,
1456 3479 1509 3542 uel
1527 3482 1606 3543 sede
1622 3490 1762 3544 uacante

360 3591 563 3672 imperando,
592 3589 644 3652 uel
672 3590 784 3652 uiuum
814 3591 1048 3670 imperatorem
1079 3589 1179 3651 etiam
1207 3590 1381 3652 iudicando
1393 3588 1415 3652 ⁶.
1473 3590 1512 3651 In
1541 3589 1638 3653 Italia
1665 3591 1761 3654 urbes

362 3701 521 3777 Etruriae,
544 3701 722 3775 Florentia,
750 3699 835 3763 aliae
861 3700 1034 3782 quaedam,
1057 3701 1099 3762 de
1127 3699 1271 3761 Romani
1297 3699 1425 3780 imperii
1449 3719 1585 3781 corpore
1608 3711 1762 3764 exemtae

359 3822 455 3890 sunt;
482 3832 566 3893 quae
584 3811 703 3874 abhinc
726 3811 881 3874 trecentis
904 3809 1046 3890 amplius
1067 3809 1162 3870 annis
1183 3808 1369 3871 libertatem
1393 3819 1543 3872 emerunt
1561 3811 1603 3873 ab
1622 3812 1762 3893 impera-

359 3933 431 3986 tore
455 3921 634 3985 Rodullol.
666 3931 835 3984 ettamen
859 3940 945 3982 nunc
972 3939 1043 3982 esse
1063 3918 1196 3981 ducatui
1221 3919 1372 3982 Etruriae
1395 3940 1516 4000 magno
1539 3921 1663 4003 aliquid
1687 3943 1761 3985 cum

360 4034 499 4116 imperio
522 4032 638 4096 uolunt
661 4033 764 4095 nostri
785 4031 929 4114 quidam,
953 4040 987 4093 et
1008 4049 1086 4092 sane
1108 4030 1159 4092 ius
1182 4029 1352 4111 quoddam
1375 4028 1472 4093 feudi.
1505 4051 1567 4114 ego
1591 4053 1670 4095 uero
1696 4054 1762 4096 non

361 4147 505 4227 disputo.
536 4153 569 4206 et
593 4164 653 4207 nec
679 4142 776 4206 refert
800 4144 842 4206 ad
870 4150 1077 4223 praesentem
1101 4141 1350 4222 inspectionem.
1380 4160 1458 4202 nam
1486 4143 1555 4205 eius
1580 4153 1652 4206 tum
1679 4145 1762 4207 iudi-

363 4259 449 4321 cium
477 4258 615 4320 ducatus
639 4255 727 4318 idem
750 4263 783 4316 et
806 4253 934 4334 imperii
957 4252 1143 4315 Germanici
1166 4251 1258 4315 erit'l.
1304 4251 1357 4314 De
1379 4273 1445 4334 quo
1468 4253 1603 4334 quidem
1626 4255 1764 4336 imperio

525 4453 533 4483 ¹
550 4455 656 4518 Procop.
671 4469 693 4516 3.
706 4452 783 4502 Goth.
798 4467 843 4516 33;
862 4452 923 4500 Zon.
935 4451 978 4499 lib.
992 4463 1030 4514 15.
1043 4467 1063 4500 c.
1075 4466 1098 4514 4.
1198 4449 1208 4478 ²
1224 4449 1282 4500 Alc.
1294 4451 1311 4501 l.
1324 4464 1346 4514 5.
1359 4451 1390 4499 de
1402 4451 1457 4500 iust.
1471 4452 1517 4514 (D.
1531 4467 1551 4502 1.
1566 4455 1600 4514 1).

426 4539 435 4568 ³
449 4536 546 4588 Bonfin.
560 4551 581 4586 1.
594 4537 660 4600 Ung.
672 4551 702 4600 9;
722 4535 783 4584 Hot.
796 4534 827 4582 de
839 4534 898 4582 Feu.
911 4549 946 4583 cc.
958 4533 972 4580 8
985 4539 1010 4582 et
1022 4547 1045 4597 9.
1340 4534 1349 4564 ⁴
1366 4533 1451 4584 Cuiac.
1463 4551 1484 4585 c.
1500 4547 1522 4598 7.
1534 4535 1565 4584 de
1576 4535 1627 4586 des.
1639 4535 1698 4601 imp.

642 4617 653 4646 ⁵
669 4619 746 4666 Pano.
758 4633 780 4666 c.
792 4631 913 4672 caussam,
925 4615 966 4680 qui
978 4613 1002 4663 fi.
1015 4614 1043 4665 si.
1056 4614 1101 4671 le.;
1120 4630 1142 4665 c.
1155 4616 1250 4676 solitae,
1263 4616 1295 4664 de
1308 4631 1357 4664 ma.
1369 4623 1394 4664 et
1406 4616 1479 4666 obed.

490 4703 500 4731 ⁶
518 4704 582 4768 Egn.
594 4699 788 4764 Rodu1.;'Sigo.
800 4699 845 4749 ult.
857 4699 888 4748 de
899 4699 944 4748 Re.
957 4699 1015 4753 Itan
1033 4697 1090 4748 Alc.
1102 4714 1126 4762 4
1138 4713 1205 4749 cons.
1220 4710 1258 4761 17.
1411 4697 1421 4727 ⁷
1438 4699 1499 4748 Dec.
1513 4715 1580 4749 cons.
1595 4713 1633 4763 19.

1039 4885 1093 4935 1³2
