4498 5566
475 711 494 760 2
961 701 1164 758 ALBERICI
1192 703 1394 758 GENTILIS

475 947 647 1015 hominum
659 949 811 1012 uniuersi.
849 946 1048 1012 Aristoteles
1060 957 1094 1013 et
1106 948 1186 1014 illud
1203 949 1324 1025 scribit,
1338 970 1404 1014 non
1420 949 1463 1014 de
1478 949 1638 1013 iniustitia
1654 968 1768 1012 eorum
1785 947 1877 1012 labo·

475 1079 547 1124 rare
565 1059 749 1138 Politicum,
765 1060 821 1143 qui
840 1068 917 1124 sunt
932 1068 1029 1124 extra
1045 1060 1224 1126 ciuitatem.
1270 1062 1316 1126 Et
1331 1070 1453 1127 tractat
1468 1061 1604 1126 bellicus
1620 1061 1663 1124 de
1678 1058 1740 1125 hoc
1755 1068 1879 1136 tamen,

474 1173 555 1237 dum
576 1173 715 1237 aliorum
739 1182 836 1237 extra
855 1173 1024 1237 ciuitatem
1047 1174 1147 1238 docet
1170 1173 1407 1251 defensionem,
1428 1175 1529 1240 etiam
1553 1183 1587 1238 et
1611 1175 1679 1238 eius
1700 1173 1878 1238 iniustitiae

474 1292 741 1358 uindicationem.
797 1291 891 1356 Plato
922 1313 1002 1356 sane
1031 1294 1088 1368 ait,
1112 1302 1241 1375 partem
1267 1293 1373 1358 ciuilis
1396 1293 1476 1358 artis
1503 1314 1575 1358 esse
1602 1313 1671 1356 rem
1695 1293 1878 1370 militarem,

474 1412 508 1468 et
531 1403 609 1468 belli
633 1405 768 1487 gerendi
795 1405 975 1469 rationem:
1007 1413 1110 1486 atque
1135 1404 1178 1468 de
1208 1404 1264 1469 illa
1290 1405 1540 1469 tractandorum
1566 1425 1733 1469 armorum
1760 1404 1877 1487 peritia

473 1517 627 1601 intelligit
637 1517 657 1584 ¹.
703 1517 770 1584 Sed
798 1526 832 1583 et
858 1516 1056 1582 Aristoteles
1083 1518 1172 1581 idem
1202 1516 1266 1582 hoc
1295 1517 1485 1583 adfirmat²z
1522 1528 1555 1584 et
1581 1519 1788 1582 uerissimum
1818 1537 1879 1580 nos

473 1628 661 1712 accipimus,
707 1627 894 1707 Caeterum,
917 1630 1005 1712 quod
1029 1629 1177 1708 dicimus,
1199 1628 1262 1694 hoc
1285 1639 1344 1708 est,
1368 1650 1433 1693 non
1456 1631 1499 1695 de
1520 1630 1645 1695 bellicis
1668 1630 1796 1713 legibus
1818 1648 1878 1692 ex-

472 1744 620 1824 posuisse
650 1742 724 1805 illos
751 1740 978 1824 Philosophos‚
1003 1742 1105 1806 etiam
1132 1762 1239 1824 neque
1264 1742 1308 1806 de
1333 1742 1458 1807 bellicis
1492 1743 1791 1822 exercitationibus,
1815 1744 1877 1806 nisi

472 1872 533 1936 pro
551 1853 687 1918 ciuitate
705 1873 871 1935 quemque
889 1872 957 1916 sua.
987 1873 1057 1916 rem
1075 1873 1154 1917 uero
1173 1853 1358 1931 militarem,
1373 1864 1407 1918 et
1425 1855 1495 1918 iura
1510 1853 1627 1919 bellica
1647 1875 1707 1919 nec
1725 1854 1876 1918 concludi

473 1966 559 2030 intra
574 1964 737 2056 ambitum
753 1963 935 2041 ciuitatum,
951 1965 1099 2046 quinimo
1114 1974 1264 2047 spectare
1280 1964 1366 2029 foras
1380 1967 1524 2044 omnino,
1541 1976 1574 2031 et
1589 1966 1633 2031 ad
1650 1976 1815 2030 externos.

518 2077 720 2142 Iustinianus
734 2098 868 2161 quoque
883 2087 1002 2155 noster,
1018 2077 1075 2160 qui
1097 2077 1186 2160 leges
1206 2078 1282 2142 tulit
1305 2079 1381 2156 suis,
1396 2080 1466 2162 pari
1490 2080 1616 2143 ratione
1639 2097 1787 2162 egressus
1810 2098 1875 2142 non

472 2199 523 2255 est
539 2189 785 2272 rempublicam,
796 2205 897 2273 quam
909 2189 1037 2272 legibus
1049 2190 1113 2254 illis
1129 2189 1232 2254 uoluit
1247 2191 1418 2256 adornare.
1449 2191 1495 2254 Et
1507 2211 1710 2273 quamquam
1726 2191 1770 2256 de
1780 2200 1877 2254 natu-

473 2323 536 2381 rae,
551 2323 590 2368 ac
609 2301 767 2368 Gentium
790 2302 859 2366 iure
880 2302 1042 2380 disseruit,
1061 2310 1097 2367 ut
1122 2301 1312 2386 Philosophi
1336 2324 1470 2387 quoque
1492 2302 1647 2382 lecerunt,
1663 2313 1697 2367 et
1715 2304 1758 2367 de
1777 2323 1876 2366 causa

472 2414 644 2492 bellorum,
662 2424 696 2480 et
710 2417 753 2480 de
768 2415 917 2498 captiuis,
932 2435 971 2480 ac
986 2416 1097 2494 seruis,
1113 2415 1251 2500 aliisque
1267 2417 1432 2481 nonnullis
1447 2416 1524 2481 belli
1544 2416 1660 2480 rebus:
1683 2415 1747 2480 huc
1763 2423 1877 2480 tamen

474 2528 517 2591 ad
530 2525 768 2608 rempublicam
783 2546 877 2590 suam
894 2526 1004 2591 retulit
1019 2529 1139 2607 omnia,
1152 2538 1186 2593 et
1201 2530 1234 2594 in
1250 2530 1320 2594 eius
1336 2550 1431 2594 usum
1443 2528 1644 2612 explicauit:
1667 2537 1703 2591 ut
1719 2528 1775 2610 qui
1791 2535 1877 2592 esset

474 2638 597 2721 captiui
612 2645 719 2702 status
734 2639 824 2720 apud
840 2639 938 2716 ciues,
954 2659 1040 2721 quae
1055 2661 1163 2704 rerum
1178 2641 1248 2705 eius
1263 2641 1419 2718 conditi0,
1435 2650 1468 2704 et
1484 2641 1517 2703 id
1533 2660 1639 2722 genus
1653 2639 1726 2704 alia.

519 2751 609 2814 Nam
639 2750 719 2833 quid
749 2750 857 2817 dicam
888 2753 931 2817 de
959 2751 1010 2816 his
1040 2753 1273 2836 interpretibus
1305 2754 1383 2818 iuris
1418 2753 1640 2817 Iustinianici:
1675 2773 1758 2835 quos
1781 2750 1877 2816 huius

474 2861 551 2926 iuris
592 2861 701 2926 bellici
738 2862 999 2946 imperitissimos
1040 2861 1087 2928 ait
1125 2864 1243 2929 merito
1281 2866 1423 2929 Ioannes
1460 2862 1651 2929 Bodinus³?
1711 2864 1876 2946 Equidem

473 2984 604 3056 praeter
630 2974 773 3056 Lignani
800 2975 941 3058 paucula
967 2974 1063 3039 huius
1089 2984 1258 3054 tractatus,
1285 2984 1318 3040 et
1344 2975 1482 3041 aliorum
1513 2975 1671 3040 nonnulla
1700 2975 1765 3040 alia
1786 2995 1877 3058 spar-

473 3089 544 3167 sim,
570 3087 636 3172 legi
666 3088 766 3154 nihil:
804 3099 838 3153 et
865 3109 904 3154 ea
931 3109 997 3152 non
1023 3088 1149 3170 absque
1175 3088 1308 3154 fastidio
1338 3089 1403 3172 legi
1433 3089 1554 3154 omnia.
1606 3089 1661 3155 Sic
1691 3097 1768 3152 sunt
1798 3096 1877 3170 apta

474 3199 591 3278 minus,
620 3199 795 3282 minusque
824 3199 1017 3282 splendida:
1056 3209 1092 3262 ut
1122 3206 1325 3281 praeteream
1356 3199 1446 3278 illud,
1476 3219 1548 3264 esse
1579 3199 1612 3262 in
1644 3218 1756 3262 eorum
1787 3197 1877 3260 libris

474 3311 717 3394 quamplurima
746 3331 812 3375 non
845 3311 888 3375 de
918 3309 1015 3388 bello,
1045 3319 1079 3373 et
1105 3310 1148 3374 de
1177 3310 1256 3374 belli
1286 3311 1355 3374 iure
1384 3312 1542 3375 aduersus
1573 3309 1712 3388 hostem,
1741 3310 1800 3374 sed
1834 3310 1877 3373 de

474 3443 509 3486 re
531 3423 671 3500 militari,
695 3432 729 3488 et
750 3422 878 3505 legibus
900 3441 976 3485 cum
999 3422 1082 3496 ciue,
1105 3431 1139 3486 et
1162 3422 1267 3486 milite
1290 3431 1410 3486 nostro.
1464 3423 1584 3504 Neque
1606 3421 1680 3486 illos
1702 3432 1876 3505 propterea

473 3555 592 3600 accuso
608 3535 695 3598 uiros
710 3534 930 3598 doctissimos.
959 3543 995 3598 at
1012 3532 1075 3598 hoc
1096 3533 1202 3614 magis
1222 3534 1307 3611 dice,
1323 3533 1425 3596 ullam
1447 3533 1506 3597 uix
1526 3553 1547 3597 a
1566 3534 1637 3598 solo
1657 3534 1726 3598 iure
1745 3533 1877 3598 Iustini-

474 3667 560 3711 aneo
582 3667 654 3712 esse
677 3645 901 3729 cognitionem
923 3666 1021 3728 posse
1044 3645 1137 3708 istius
1164 3645 1240 3710 iuris
1265 3645 1433 3710 militaris:
1467 3646 1557 3728 quod
1580 3647 1719 3710 maximi
1743 3646 1876 3710 Iustini-

473 3759 609 3837 anistae,
624 3758 812 3841 peritissimi
826 3757 935 3822 omnis
951 3757 1155 3822 Iustinianici
1171 3758 1249 3821 iuris
1269 3758 1400 3841 penitus
1416 3759 1616 3842 ignorarunt.
1663 3757 1877 3824 Recentiores

474 3891 540 3936 non
572 3870 642 3936 fero
665 3871 868 3954 interpretes,
892 3871 949 3954 qui
974 3868 1028 3935 hic
1052 3879 1180 3936 ueteres
1205 3871 1476 3950 condemnarunt,
1499 3891 1535 3934 se
1562 3878 1674 3935 autem
1702 3870 1877 3954 magistros

473 3983 672 4061 obtulerunt,
691 4003 774 4066 quos
796 3983 978 4048 audiamus.
1024 3983 1110 4048 Dico
1133 3985 1275 4049 eundem
1298 3984 1474 4065 Bodinum,
1489 3995 1524 4048 et
1544 3983 1679 4048 Petrum
1698 3980 1876 4048 Fabrum⁴‚

473 4095 670 4162 clarissimos
695 4097 947 4162 Iurisconsultos
976 4105 1083 4162 terrae
1109 4095 1245 4162 Galliae.
1303 4095 1393 4162 Sane
1419 4097 1516 4176 enim,
1539 4097 1566 4159 si
1590 4105 1766 4179 peccarunt
1791 4095 1876 4158 anti-

473 4207 603 4290 quiores
625 4209 828 4292 interpretes,
842 4210 933 4291 quod
959 4207 1075 4284 solam,
1092 4229 1192 4291 saepe
1213 4209 1365 4289 alienam,
1380 4209 1485 4274 ciuilis
1507 4209 1585 4272 iuris
1600 4208 1876 4291 disceptationem

472 4315 537 4386 huc
557 4319 778 4386 induxerunt:
808 4329 986 4403 peccarunt
1010 4329 1044 4383 et
1068 4320 1121 4384 isti
1146 4321 1349 4394 recentiores,
1369 4322 1427 4403 qui
1449 4323 1573 4385 nudam
1595 4319 1803 4385 historiarum
1827 4339 1876 4384 re·

474 4431 664 4496 citationem
701 4431 860 4497 attulere:
905 4431 949 4495 de
981 4430 1099 4511 quibus
1132 4442 1267 4513 propter
1300 4433 1506 4510 uarietatem,
1540 4443 1573 4498 et
1610 4435 1875 4498 contrarietatem

505 4638 596 4689 ¹Plat.
608 4638 676 4689 Prot.
690 4640 727 4703 (p.
741 4650 786 4701 3²²
800 4637 848 4700 B.).
893 4635 997 4687 ²Arist.
1012 4651 1032 4686 1.
1044 4637 1103 4687 Eth.
1119 4653 1139 4687 2.
1151 4655 1175 4702 4.
1224 4639 1313 4689 ⁸B0d.
1327 4653 1350 4703 5.
1363 4639 1403 4691 De
1414 4655 1465 4705 rep.
1478 4641 1502 4691 6.
1546 4641 1843 4704 ‘Fab.2.semestria3.
