4522 5570
728 721 787 774 oa
816 721 920 775 lona
949 722 1082 792 nanas,
1112 723 1238 793 arar,
1271 724 1357 780 cap,
1382 726 1467 780 nnn
1756 717 1796 801 83

399 961 511 1042 ipsius.
547 960 755 1025 Sententiam
772 963 850 1026 item
867 964 1046 1046 Augustini
1063 966 1286 1048 supradictam
1303 966 1410 1028 minus
1426 965 1569 1047 probant
1584 965 1640 1028 alii
1655 966 1802 1047 quidam,

400 1072 583 1136 doctissimi
605 1072 750 1156 theologi
761 1074 781 1140 1.
825 1076 989 1140 Attamen
1012 1097 1072 1159 pro
1095 1099 1134 1140 ea
1158 1079 1190 1140 id
1211 1077 1290 1139 mihi
1309 1078 1447 1154 uidetur,
1466 1079 1554 1159 quod
1574 1098 1639 1140 non
1659 1078 1700 1140 sit
1719 1079 1802 1140 ueri·

401 1183 515 1262 simile,
534 1184 677 1248 uoluisse
699 1185 840 1267 Moysen
860 1196 972 1269 petere
996 1209 1065 1250 rem
1089 1189 1265 1251 iniustam:
1290 1198 1323 1250 et
1340 1188 1384 1250 ob
1404 1208 1477 1251 earn
1501 1209 1566 1250 non
1590 1188 1802 1270 impetratam

401 1294 495 1376 quasi
513 1296 635 1359 iustum
658 1318 791 1362 mouere
808 1298 940 1364 bellum.
988 1300 1106 1364 Dicam
1127 1299 1313 1377 Herculem,
1333 1301 1387 1381 qui
1407 1320 1518 1381 regem
1538 1301 1658 1362 occidit
1678 1299 1804 1364 Orcho·

402 1407 593 1485 meniorum,
609 1420 737 1472 armato
753 1410 814 1474 sibi
831 1420 1008 1493 negantem
1024 1412 1198 1474 transitum
1214 1431 1253 1473 ac
1269 1409 1550 1492 impedientem2?
1594 1409 1708 1473 Teneo
1727 1432 1803 1474 cum

401 1517 602 1599 Augustino,
627 1520 654 1581 si
678 1541 738 1584 nec
761 1522 946 1586 timendum
974 1524 1024 1600 sit,
1043 1543 1084 1585 ne
1111 1531 1285 1586 noceatur:
1317 1530 1351 1585 et
1374 1531 1500 1584 certum
1527 1522 1578 1598 sit,
1601 1521 1710 1584 noceri
1737 1542 1803 1584 non

401 1651 507 1710 posse.
545 1639 583 1692 ut
612 1629 695 1694 haec
722 1641 772 1695 est
802 1635 886 1696 ratio
916 1634 1147 1716 imperiorum:
1181 1635 1224 1696 de
1253 1653 1318 1714 qua
1348 1641 1446 1695 antea
1470 1631 1644 1715 explicaui.
1691 1632 1803 1696 Etiam

402 1741 611 1816 Francorum,
630 1752 664 1806 et
683 1744 832 1808 Caesaris
851 1746 934 1809 ratio
950 1746 1038 1809 bona
1054 1745 1116 1809 hoc
1134 1746 1267 1809 nomme
1284 1754 1343 1823 est,
1359 1746 1448 1828 quod
1464 1745 1581 1808 timere
1596 1744 1638 1806 ab
1653 1743 1803 1807 hostibus

353 1863 354 1868 ’
402 1874 533 1935 semper
553 1865 715 1937 oporteat.
762 1857 831 1921 Sed
851 1868 885 1920 et
907 1857 933 1920 si
953 1857 1042 1920 nulla
1060 1857 1195 1920 omnino
1214 1878 1329 1920 caussa
1347 1857 1473 1920 timoris
1492 1857 1542 1934 sit,
1563 1864 1702 1938 negatur
1719 1855 1803 1918 iuste

402 1964 552 2028 hostibus
574 1966 741 2042 transitus
758 1968 858 2030 etiam
882 1968 1122 2031 adducentibus
1144 1968 1265 2033 hostes
1312 1968 1359 2031 Et
1379 1968 1412 2030 hi
1437 1969 1533 2044 enim,
1554 1975 1689 2049 propter
1711 1966 1802 2028 illam

402 2076 667 2140 coniunctionem
687 2099 761 2142 cum
780 2078 939 2156 hostibus
954 2080 1047 2160 quasi
1065 2078 1179 2142 hostes
1195 2087 1283 2142 sunt.
1325 2078 1441 2160 Atque
1458 2079 1545 2152 male
1559 2077 1709 2141 hostibus
1724 2077 1802 2140 laci-

403 2209 476 2250 mus
492 2189 583 2252 iuste.
619 2189 778 2266 Antonio,
791 2191 924 2255 ducenti
939 2212 1050 2255 secum
1066 2192 1206 2269 hostem,
1218 2190 1405 2254 clauserunt
1417 2190 1615 2254 Brundusini
1632 2199 1752 2273 portas
1770 2199 1803 2253 et

404 2299 492 2361 idem
504 2299 611 2362 iecere
624 2299 901 2383 Carthaginenses
912 2301 979 2366 filio
990 2303 1184 2366 Masinissae
1194 2301 1217 2364 ³.
1247 2303 1323 2366 Hoc
1333 2298 1465 2386 (fateor)
1475 2309 1524 2364 est
1533 2301 1657 2364 bellum
1667 2300 1803 2365 sacere4.

403 2407 472 2472 Sed
489 2411 535 2473 sic
550 2409 625 2473 licet
641 2433 685 2474 ex
700 2432 814 2476 caussa
830 2412 945 2476 facere.
985 2413 1030 2476 Et
1046 2413 1101 2494 qui
1116 2412 1229 2475 hostes
1246 2412 1345 2488 ducit,
1358 2412 1427 2492 ipse
1443 2431 1511 2474 rem
1523 2420 1632 2474 tentat
1647 2410 1803 2488 illicitam,

403 2521 524 2587 ducere
540 2543 579 2585 eo
594 2521 753 2601 homineS,
769 2524 825 2586 ubi
841 2545 913 2587 esse
928 2544 994 2587 non
1010 2533 1157 2606 possunt.
1192 2523 1300 2586 Licita
1315 2523 1447 2599 amittit,
1462 2523 1518 2604 qui
1533 2530 1642 2585 tentat
1657 2521 1770 2584 illicita
1779 2520 1803 2582 ⁵.

449 2632 549 2714 Quod
579 2633 606 2696 si
634 2633 733 2715 igitur
757 2654 871 2698 caussa
899 2656 965 2699 non
995 2644 1054 2713 est,
1079 2655 1135 2699 cur
1158 2634 1314 2697 transitus
1344 2634 1534 2714 denegetur,
1559 2641 1592 2694 et
1622 2633 1804 2714 denegatus

405 2744 456 2820 sit,
480 2763 596 2807 caussa
622 2745 699 2807 belli
728 2745 805 2809 hinc
835 2747 920 2810 iusta
950 2755 1009 2811 est.
1053 2744 1206 2808 Transire
1236 2765 1294 2826 per
1322 2765 1438 2826 agrum
1468 2743 1620 2820 alienum,
1643 2743 1692 2806 fas
1723 2752 1773 2806 est
1782 2744 1804 2807 ⁶.

406 2854 539 2936 Ingredi
569 2856 707 2919 fundum
734 2858 877 2921 alienum
904 2857 1047 2921 uenandi
1075 2875 1199 2933 caussa,
1223 2856 1299 2919 licet
1326 2856 1406 2918 item
1433 2875 1492 2936 per
1517 2855 1666 2937 gentium
1691 2854 1748 2932 ius,
1771 2863 1805 2917 et
1916 2847 1923 2859 '

405 2991 483 3051 ergo
516 2989 576 3033 nec
608 2969 727 3033 suerint
759 2971 879 3046 iniusti,
908 2972 934 3033 si
961 2971 1017 3053 qui
1048 2979 1220 3033 transeunt
1249 2969 1345 3032 uenia
1373 2989 1438 3032 non
1466 2969 1580 3050 petita,
1606 2988 1666 3031 nec
1695 2967 1805 3049 prohi-

404 3082 463 3145 biti
474 3081 497 3144 ⁷.
542 3081 618 3145 Lex
649 3082 728 3145 lacit
757 3084 893 3145 domino
923 3083 1016 3145 fundi
1046 3091 1246 3163 potestatem
1276 3080 1472 3163 prohibendi
1503 3079 1651 3142 uenatori
1681 3079 1804 3160 ingres·

405 3213 487 3255 sum.
533 3192 633 3274 Quod
660 3203 774 3257 contra
800 3203 1009 3275 praesentem
1036 3193 1263 3256 definitionem
1290 3201 1437 3255 nostram
1464 3190 1551 3255 iacit.
1604 3191 1694 3253 Nam
1721 3210 1806 3271 quae

406 3305 489 3367 ratio
506 3303 598 3366 sundi
619 3306 739 3387 priuati
758 3307 801 3368 ad
820 3306 986 3386 priuatum
1006 3313 1075 3382 est3
1099 3305 1216 3367 eadem
1232 3303 1324 3366 fundi
1343 3301 1472 3384 publici,
1487 3289 1649 3377 territorii,
1663 3300 1705 3364 ad
1722 3301 1806 3383 pub·

407 3415 505 3478 licum
525 3436 597 3479 esse
616 3416 755 3480 uidetur.
802 3416 869 3480 Sed
888 3415 1058 3498 responsio
1076 3415 1181 3479 facilis
1199 3424 1259 3478 est.
1304 3413 1404 3496 Quod
1424 3414 1554 3477 diuersa
1575 3413 1641 3476 imo
1660 3412 1702 3475 sit
1722 3411 1806 3474 ratio

408 3526 600 3603 uenationis,
626 3536 660 3590 et
684 3529 849 3591 transitus.
907 3527 1001 3591 Sicut
1025 3528 1159 3590 uenatio
1183 3534 1295 3608 posset
1320 3524 1485 3608 prohiberi
1509 3525 1542 3587 in
1567 3525 1679 3598 sund0,
1703 3523 1749 3587 ita
1773 3533 1807 3587 et

407 3637 533 3700 bellum
554 3637 586 3700 in
606 3639 787 3701 territorio:
812 3646 848 3700 ut
867 3638 1001 3714 bellum,
1017 3646 1051 3701 et
1066 3637 1199 3700 uenatio
1216 3636 1313 3700 ualde
1332 3645 1409 3700 sunt
1426 3635 1552 3698 similia.
1597 3633 1649 3697 At
1669 3634 1807 3697 transire

408 3746 498 3808 aliud
519 3755 578 3810 est.
608 3757 641 3810 et
660 3747 709 3810 sas
733 3757 793 3810 est.
840 3747 985 3810 Uenatio
1009 3746 1219 3809 incommoda
1247 3753 1296 3807 est
1322 3765 1412 3825 agro.
1458 3745 1631 3809 Transitus
1661 3765 1728 3808 non
1756 3755 1807 3808 est

409 3857 657 3921 incommodus:
682 3868 739 3921 aut
766 3859 792 3920 si
820 3857 1049 3920 incommodus
1076 3866 1134 3933 est,
1160 3857 1225 3918 iam
1251 3875 1312 3918 nec
1339 3857 1538 3918 conceditur.
1585 3857 1685 3938 Quod
1714 3855 1807 3918 nobis

408 3987 475 4031 non
492 3976 596 4045 nocet,
608 3968 702 4032 alteri
718 3970 863 4049 prodest,
875 3988 932 4030 cur
948 3986 1013 4029 non
1030 3965 1285 4030 concederetur?
1316 3965 1366 4028 At
1382 3987 1460 4028 uero
1477 3966 1503 4028 si
1520 3986 1585 4029 non
1601 3965 1808 4043 exercitibus,

408 4087 443 4141 et
458 4079 602 4156 armatis,
614 4088 649 4143 at
664 4079 736 4142 aliis
752 4078 814 4142 iter
828 4078 1027 4160 prohibetur,
1039 4097 1098 4140 nec
1113 4077 1273 4154 hostibus
1285 4097 1345 4139 nec
1361 4077 1529 4158 suspectis,
1542 4097 1603 4141 nec
1618 4077 1807 4152 criminosis,

408 4210 469 4253 nec
485 4188 664 4253 similibus:
680 4199 761 4268 tum,
774 4190 923 4253 iniuriam
941 4189 1008 4252 fieri
1025 4197 1158 4252 certum.
1187 4187 1286 4251 Liber
1302 4188 1398 4264 enim,
1411 4196 1445 4251 et
1458 4188 1572 4265 licitus,
1586 4198 1636 4252 est
1651 4189 1807 4250 transitus

474 4428 482 4455 ¹
499 4429 527 4477 P.
540 4429 577 4476 M.
589 4428 644 4478 Iud.
743 4427 753 4456 ²
769 4427 846 4493 Soph.
859 4427 950 4477 Trach.
1057 4428 1067 4456 ³
1084 4427 1134 4492 Ap.
1147 4443 1169 4491 5.
1182 4427 1238 4477 Ciu.
1251 4424 1290 4491 56,
1304 4433 1329 4476 et
1340 4427 1401 4475 Pun.
1500 4427 1509 4456 ⁴
1526 4427 1592 4491 Aug.
1604 4427 1653 4477 Ios.
1666 4443 1689 4491 q.
1704 4425 1742 4475 26.

522 4508 878 4573 ⁶l.3.desusp.tu.(D.26.
894 4510 944 4572 10).
1010 4507 1057 4560 ⁶e.
1073 4509 1151 4558 ndis.
1165 4523 1186 4557 1.
1258 4507 1426 4570 ⁷l.3.deac.
1439 4506 1524 4557 redo.
1538 4507 1582 4569 (D.
1598 4510 1692 4574 41.1);

909 4591 926 4639 l.
940 4588 977 4642 16.
989 4591 1020 4640 de
1032 4607 1065 4641 se.
1077 4608 1113 4641 ru.
1125 4608 1161 4656 pr.
1175 4591 1219 4654 (D.
1232 4591 1255 4638 8.
1269 4593 1303 4654 3).

1077 4793 1141 4842 Ma
