<?xml version="1.0" encoding="UTF-8"?>
<!DOCTYPE html PUBLIC "-//W3C//DTD XHTML 1.0 Transitional//EN"
    "http://www.w3.org/TR/xhtml1/DTD/xhtml1-transitional.dtd">
<html xmlns="http://www.w3.org/1999/xhtml" xml:lang="en" lang="en">
 <head>
  <title>
</title>
<meta http-equiv="Content-Type" content="text/html;charset=utf-8" />
  <meta name='ocr-system' content='tesseract 3.04.00' />
  <meta name='ocr-capabilities' content='ocr_page ocr_carea ocr_par ocr_line ocrx_word'/>
</head>
<body>
  <div class='ocr_page' id='page_1' title='image "albericigentili00gentgoog_0119.png"; bbox 0 0 4522 5570; ppageno 0'>
   <div class='ocr_carea' id='block_1_1' title="bbox 733 770 1476 841">
    <p class='ocr_par' dir='ltr' id='par_1_1' title="bbox 733 770 1476 841">
     <span class='ocr_line' id='line_1_1' title="bbox 733 770 1476 841; baseline 0.004 -18"><span class='ocrx_word' id='word_1_1' title='bbox 733 770 793 823; x_wconf 88' lang='lat' dir='ltr'><strong>DE</strong></span> <span class='ocrx_word' id='word_1_2' title='bbox 823 771 927 824; x_wconf 84' lang='lat' dir='ltr'><em>IURE</em></span> <span class='ocrx_word' id='word_1_3' title='bbox 956 771 1091 841; x_wconf 87' lang='lat' dir='ltr'><em>BELLI,</em></span> <span class='ocrx_word' id='word_1_4' title='bbox 1121 771 1247 841; x_wconf 83' lang='lat' dir='ltr'><strong><em>LJB.I‚</em></strong></span> <span class='ocrx_word' id='word_1_5' title='bbox 1280 771 1367 827; x_wconf 79' lang='lat' dir='ltr'><strong>CAP.</strong></span> <span class='ocrx_word' id='word_1_6' title='bbox 1391 773 1476 827; x_wconf 85' lang='lat' dir='ltr'><em>XIX.</em></span> 
     </span>
    </p>
   </div>
   <div class='ocr_carea' id='block_1_2' title="bbox 406 1007 1292 1091">
    <p class='ocr_par' dir='ltr' id='par_1_2' title="bbox 406 1007 1292 1091">
     <span class='ocr_line' id='line_1_2' title="bbox 406 1007 1292 1091; baseline 0.002 -21"><span class='ocrx_word' id='word_1_7' title='bbox 406 1007 564 1071; x_wconf 83' lang='lat' dir='ltr'><strong>Defendit</strong></span> <span class='ocrx_word' id='word_1_8' title='bbox 580 1009 715 1089; x_wconf 90' lang='lat' dir='ltr'><strong>quidem</strong></span> <span class='ocrx_word' id='word_1_9' title='bbox 731 1029 807 1071; x_wconf 92' lang='lat' dir='ltr'><strong>suos</strong></span> <span class='ocrx_word' id='word_1_10' title='bbox 824 1009 924 1086; x_wconf 92' lang='lat' dir='ltr'><strong>Dido,</strong></span> <span class='ocrx_word' id='word_1_11' title='bbox 939 1010 996 1072; x_wconf 93' lang='lat' dir='ltr'><strong>sed</strong></span> <span class='ocrx_word' id='word_1_12' title='bbox 1013 1008 1141 1091; x_wconf 89' lang='lat' dir='ltr'><strong>priuata</strong></span> <span class='ocrx_word' id='word_1_13' title='bbox 1157 1009 1292 1087; x_wconf 90' lang='lat' dir='ltr'><strong>ratione,</strong></span> 
     </span>
    </p>
   </div>
   <div class='ocr_carea' id='block_1_3' title="bbox 629 1179 1390 1356">
    <p class='ocr_par' dir='ltr' id='par_1_3' title="bbox 629 1179 1390 1356">
     <span class='ocr_line' id='line_1_3' title="bbox 629 1179 1390 1258; baseline 0.005 -21"><span class='ocrx_word' id='word_1_14' title='bbox 629 1179 710 1238; x_wconf 91' lang='lat' dir='ltr'><strong>‘Res</strong></span> <span class='ocrx_word' id='word_1_15' title='bbox 731 1179 811 1250; x_wconf 87' lang='lat' dir='ltr'><strong>dura,</strong></span> <span class='ocrx_word' id='word_1_16' title='bbox 833 1191 862 1239; x_wconf 90' lang='lat' dir='ltr'><strong>et</strong></span> <span class='ocrx_word' id='word_1_17' title='bbox 882 1181 965 1256; x_wconf 88' lang='lat' dir='ltr'><strong>regni</strong></span> <span class='ocrx_word' id='word_1_18' title='bbox 986 1181 1100 1239; x_wconf 88' lang='lat' dir='ltr'><strong>nouitas</strong></span> <span class='ocrx_word' id='word_1_19' title='bbox 1121 1199 1170 1240; x_wconf 91' lang='lat' dir='ltr'><strong>me</strong></span> <span class='ocrx_word' id='word_1_20' title='bbox 1190 1181 1258 1240; x_wconf 86' lang='lat' dir='ltr'><strong>talia</strong></span> <span class='ocrx_word' id='word_1_21' title='bbox 1279 1193 1390 1258; x_wconf 88' lang='lat' dir='ltr'><strong>cogunt</strong></span> 
     </span>
     <span class='ocr_line' id='line_1_4' title="bbox 631 1285 1234 1356; baseline 0 -12"><span class='ocrx_word' id='word_1_22' title='bbox 631 1285 758 1356; x_wconf 71' lang='lat' dir='ltr'><strong>‘Moliri</strong></span> <span class='ocrx_word' id='word_1_23' title='bbox 779 1297 808 1347; x_wconf 90' lang='lat' dir='ltr'><strong>et</strong></span> <span class='ocrx_word' id='word_1_24' title='bbox 828 1287 885 1346; x_wconf 85' lang='lat' dir='ltr'><strong>late</strong></span> <span class='ocrx_word' id='word_1_25' title='bbox 906 1288 979 1346; x_wconf 88' lang='lat' dir='ltr'>fines</span> <span class='ocrx_word' id='word_1_26' title='bbox 1000 1288 1122 1347; x_wconf 90' lang='lat' dir='ltr'><strong>custode</strong></span> <span class='ocrx_word' id='word_1_27' title='bbox 1142 1285 1234 1347; x_wconf 68' lang='lat' dir='ltr'><strong>tueri!</strong></span> 
     </span>
    </p>
   </div>
   <div class='ocr_carea' id='block_1_4' title="bbox 407 1466 1369 1552">
    <p class='ocr_par' dir='ltr' id='par_1_4' title="bbox 407 1466 1369 1552">
     <span class='ocr_line' id='line_1_5' title="bbox 407 1466 1369 1552; baseline 0.002 -21"><span class='ocrx_word' id='word_1_28' title='bbox 407 1466 475 1531; x_wconf 88' lang='lat' dir='ltr'><strong>Sed</strong></span> <span class='ocrx_word' id='word_1_29' title='bbox 492 1466 540 1530; x_wconf 90' lang='lat' dir='ltr'><strong>ius</strong></span> <span class='ocrx_word' id='word_1_30' title='bbox 555 1468 709 1549; x_wconf 90' lang='lat' dir='ltr'><strong>generale</strong></span> <span class='ocrx_word' id='word_1_31' title='bbox 725 1470 879 1552; x_wconf 90' lang='lat' dir='ltr'><strong>estquod</strong></span> <span class='ocrx_word' id='word_1_32' title='bbox 895 1471 980 1534; x_wconf 92' lang='lat' dir='ltr'><strong>dico.</strong></span> <span class='ocrx_word' id='word_1_33' title='bbox 1025 1469 1142 1552; x_wconf 88' lang='lat' dir='ltr'><strong>Atque</strong></span> <span class='ocrx_word' id='word_1_34' title='bbox 1158 1472 1204 1534; x_wconf 92' lang='lat' dir='ltr'><strong>ita</strong></span> <span class='ocrx_word' id='word_1_35' title='bbox 1221 1470 1369 1546; x_wconf 89' lang='lat' dir='ltr'><strong>Latinus,</strong></span> 
     </span>
    </p>
   </div>
   <div class='ocr_carea' id='block_1_5' title="bbox 630 1639 1561 1930">
    <p class='ocr_par' dir='ltr' id='par_1_5' title="bbox 630 1639 1561 1930">
     <span class='ocr_line' id='line_1_6' title="bbox 630 1639 1409 1718; baseline 0.003 -20"><span class='ocrx_word' id='word_1_36' title='bbox 630 1639 697 1698; x_wconf 90' lang='lat' dir='ltr'><strong>‘Ne</strong></span> <span class='ocrx_word' id='word_1_37' title='bbox 719 1639 808 1716; x_wconf 80' lang='lat' dir='ltr'><strong>fugite</strong></span> <span class='ocrx_word' id='word_1_38' title='bbox 829 1639 998 1716; x_wconf 82' lang='lat' dir='ltr'><strong>hospitium,</strong></span> <span class='ocrx_word' id='word_1_39' title='bbox 1020 1659 1094 1700; x_wconf 91' lang='lat' dir='ltr'><strong>neue</strong></span> <span class='ocrx_word' id='word_1_40' title='bbox 1116 1642 1257 1718; x_wconf 88' lang='lat' dir='ltr'><strong>ignorate,</strong></span> <span class='ocrx_word' id='word_1_41' title='bbox 1279 1641 1409 1712; x_wconf 78' lang='lat' dir='ltr'><strong>LatinoS,</strong></span> 
     </span>
     <span class='ocr_line' id='line_1_7' title="bbox 630 1745 1511 1824; baseline 0.002 -20"><span class='ocrx_word' id='word_1_42' title='bbox 630 1745 766 1804; x_wconf 82' lang='lat' dir='ltr'><strong>‘Saturni</strong></span> <span class='ocrx_word' id='word_1_43' title='bbox 787 1757 915 1823; x_wconf 84' lang='lat' dir='ltr'><strong>gentem,</strong></span> <span class='ocrx_word' id='word_1_44' title='bbox 937 1746 1016 1806; x_wconf 89' lang='lat' dir='ltr'><strong>haud</strong></span> <span class='ocrx_word' id='word_1_45' title='bbox 1037 1749 1144 1819; x_wconf 90' lang='lat' dir='ltr'><strong>uinclo,</strong></span> <span class='ocrx_word' id='word_1_46' title='bbox 1167 1767 1222 1807; x_wconf 91' lang='lat' dir='ltr'><strong>nec</strong></span> <span class='ocrx_word' id='word_1_47' title='bbox 1243 1747 1357 1824; x_wconf 85' lang='lat' dir='ltr'><strong>legibus</strong></span> <span class='ocrx_word' id='word_1_48' title='bbox 1378 1765 1511 1824; x_wconf 87' lang='lat' dir='ltr'><strong>aequam,</strong></span> 
     </span>
     <span class='ocr_line' id='line_1_8' title="bbox 631 1851 1561 1930; baseline 0.001 -20"><span class='ocrx_word' id='word_1_49' title='bbox 631 1852 762 1929; x_wconf 90' lang='lat' dir='ltr'><strong>‘Sponte</strong></span> <span class='ocrx_word' id='word_1_50' title='bbox 784 1871 844 1924; x_wconf 89' lang='lat' dir='ltr'><strong>sua,</strong></span> <span class='ocrx_word' id='word_1_51' title='bbox 866 1854 1028 1930; x_wconf 88' lang='lat' dir='ltr'><strong>ueterisque</strong></span> <span class='ocrx_word' id='word_1_52' title='bbox 1050 1852 1107 1912; x_wconf 89' lang='lat' dir='ltr'><strong>Dei</strong></span> <span class='ocrx_word' id='word_1_53' title='bbox 1128 1872 1161 1912; x_wconf 89' lang='lat' dir='ltr'><strong>se</strong></span> <span class='ocrx_word' id='word_1_54' title='bbox 1181 1871 1263 1913; x_wconf 92' lang='lat' dir='ltr'><strong>more</strong></span> <span class='ocrx_word' id='word_1_55' title='bbox 1284 1861 1414 1912; x_wconf 83' lang='lat' dir='ltr'><strong>tuentem</strong></span> <span class='ocrx_word' id='word_1_56' title='bbox 1424 1851 1451 1910; x_wconf 86' lang='lat'><strong>¹.&#39;</strong></span> <span class='ocrx_word' id='word_1_57' title='bbox 1559 1921 1561 1924; x_wconf 23' lang='lat'>¹</span> 
     </span>
    </p>
   </div>
   <div class='ocr_carea' id='block_1_6' title="bbox 405 2033 1851 4236">
    <p class='ocr_par' dir='ltr' id='par_1_6' title="bbox 405 2033 1851 4236">
     <span class='ocr_line' id='line_1_9' title="bbox 406 2033 1803 2119; baseline 0.003 -23"><span class='ocrx_word' id='word_1_58' title='bbox 406 2033 506 2117; x_wconf 84' lang='lat' dir='ltr'><strong>Quod</strong></span> <span class='ocrx_word' id='word_1_59' title='bbox 532 2043 590 2112; x_wconf 88' lang='lat' dir='ltr'><strong>est,</strong></span> <span class='ocrx_word' id='word_1_60' title='bbox 606 2043 696 2098; x_wconf 91' lang='lat' dir='ltr'><strong>tutos</strong></span> <span class='ocrx_word' id='word_1_61' title='bbox 719 2033 867 2118; x_wconf 87' lang='lat' dir='ltr'><strong>hospites</strong></span> <span class='ocrx_word' id='word_1_62' title='bbox 889 2034 1012 2098; x_wconf 90' lang='lat' dir='ltr'><strong>habere</strong></span> <span class='ocrx_word' id='word_1_63' title='bbox 1027 2036 1115 2116; x_wconf 89' lang='lat' dir='ltr'><strong>apud</strong></span> <span class='ocrx_word' id='word_1_64' title='bbox 1138 2056 1174 2098; x_wconf 88' lang='lat' dir='ltr'><strong>se</strong></span> <span class='ocrx_word' id='word_1_65' title='bbox 1197 2035 1337 2098; x_wconf 84' lang='lat' dir='ltr'><strong>naturali</strong></span> <span class='ocrx_word' id='word_1_66' title='bbox 1360 2035 1527 2111; x_wconf 90' lang='lat' dir='ltr'><strong>instinctu,</strong></span> <span class='ocrx_word' id='word_1_67' title='bbox 1543 2055 1609 2099; x_wconf 93' lang='lat' dir='ltr'><strong>non</strong></span> <span class='ocrx_word' id='word_1_68' title='bbox 1632 2035 1700 2100; x_wconf 87' lang='lat' dir='ltr'><strong>lata</strong></span> <span class='ocrx_word' id='word_1_69' title='bbox 1720 2037 1803 2119; x_wconf 88' lang='lat' dir='ltr'><strong>lege,</strong></span> 
     </span>
     <span class='ocr_line' id='line_1_10' title="bbox 405 2147 1806 2231; baseline 0.001 -21"><span class='ocrx_word' id='word_1_70' title='bbox 405 2149 465 2210; x_wconf 91' lang='lat' dir='ltr'><strong>sed</strong></span> <span class='ocrx_word' id='word_1_71' title='bbox 491 2158 578 2211; x_wconf 86' lang='lat' dir='ltr'><strong>nata.</strong></span> <span class='ocrx_word' id='word_1_72' title='bbox 624 2148 674 2212; x_wconf 91' lang='lat' dir='ltr'><strong>Ut</strong></span> <span class='ocrx_word' id='word_1_73' title='bbox 697 2157 816 2231; x_wconf 90' lang='lat' dir='ltr'><strong>sponte</strong></span> <span class='ocrx_word' id='word_1_74' title='bbox 839 2158 898 2226; x_wconf 89' lang='lat' dir='ltr'><strong>cst,</strong></span> <span class='ocrx_word' id='word_1_75' title='bbox 916 2149 1004 2229; x_wconf 90' lang='lat' dir='ltr'><strong>quod</strong></span> <span class='ocrx_word' id='word_1_76' title='bbox 1029 2148 1178 2211; x_wconf 88' lang='lat' dir='ltr'><strong>naturale</strong></span> <span class='ocrx_word' id='word_1_77' title='bbox 1201 2157 1259 2212; x_wconf 92' lang='lat' dir='ltr'><strong>est.</strong></span> <span class='ocrx_word' id='word_1_78' title='bbox 1304 2148 1494 2211; x_wconf 86' lang='lat' dir='ltr'><strong>Audiamus</strong></span> <span class='ocrx_word' id='word_1_79' title='bbox 1516 2158 1550 2212; x_wconf 90' lang='lat' dir='ltr'><strong>et</strong></span> <span class='ocrx_word' id='word_1_80' title='bbox 1573 2149 1615 2212; x_wconf 92' lang='lat' dir='ltr'><strong>de</strong></span> <span class='ocrx_word' id='word_1_81' title='bbox 1638 2147 1806 2225; x_wconf 88' lang='lat' dir='ltr'><strong>Cicerone,</strong></span> 
     </span>
     <span class='ocr_line' id='line_1_11' title="bbox 406 2257 1805 2341; baseline 0 -21"><span class='ocrx_word' id='word_1_82' title='bbox 406 2261 413 2289; x_wconf 90' lang='lat'>‘</span> <span class='ocrx_word' id='word_1_83' title='bbox 431 2257 601 2321; x_wconf 88' lang='lat' dir='ltr'><strong>Seruanda</strong></span> <span class='ocrx_word' id='word_1_84' title='bbox 619 2259 839 2322; x_wconf 84' lang='lat' dir='ltr'><strong>communitas</strong></span> <span class='ocrx_word' id='word_1_85' title='bbox 858 2259 891 2321; x_wconf 93' lang='lat' dir='ltr'><strong>in</strong></span> <span class='ocrx_word' id='word_1_86' title='bbox 911 2258 1064 2322; x_wconf 92' lang='lat' dir='ltr'><strong>omnibus</strong></span> <span class='ocrx_word' id='word_1_87' title='bbox 1080 2259 1185 2333; x_wconf 89' lang='lat' dir='ltr'><strong>rebus,</strong></span> <span class='ocrx_word' id='word_1_88' title='bbox 1203 2279 1285 2341; x_wconf 89' lang='lat' dir='ltr'><strong>quas</strong></span> <span class='ocrx_word' id='word_1_89' title='bbox 1300 2260 1343 2322; x_wconf 93' lang='lat' dir='ltr'><strong>ad</strong></span> <span class='ocrx_word' id='word_1_90' title='bbox 1359 2279 1569 2322; x_wconf 88' lang='lat' dir='ltr'><strong>communem</strong></span> <span class='ocrx_word' id='word_1_91' title='bbox 1585 2279 1680 2322; x_wconf 88' lang='lat' dir='ltr'><strong>usum</strong></span> <span class='ocrx_word' id='word_1_92' title='bbox 1698 2258 1805 2321; x_wconf 92' lang='lat' dir='ltr'><strong>homi·</strong></span> 
     </span>
     <span class='ocr_line' id='line_1_12' title="bbox 405 2370 1804 2452; baseline 0.004 -21"><span class='ocrx_word' id='word_1_93' title='bbox 405 2372 508 2432; x_wconf 89' lang='lat' dir='ltr'><strong>‘num</strong></span> <span class='ocrx_word' id='word_1_94' title='bbox 536 2379 653 2433; x_wconf 89' lang='lat' dir='ltr'><strong>natura</strong></span> <span class='ocrx_word' id='word_1_95' title='bbox 679 2371 803 2452; x_wconf 87' lang='lat' dir='ltr'><strong>genuit.</strong></span> <span class='ocrx_word' id='word_1_96' title='bbox 842 2371 888 2434; x_wconf 92' lang='lat' dir='ltr'><strong>sic</strong></span> <span class='ocrx_word' id='word_1_97' title='bbox 915 2371 1011 2434; x_wconf 90' lang='lat' dir='ltr'><strong>utin</strong></span> <span class='ocrx_word' id='word_1_98' title='bbox 1038 2371 1221 2452; x_wconf 90' lang='lat' dir='ltr'><strong>prouerbio,</strong></span> <span class='ocrx_word' id='word_1_99' title='bbox 1247 2370 1443 2433; x_wconf 91' lang='lat' dir='ltr'><strong>Amicorum</strong></span> <span class='ocrx_word' id='word_1_100' title='bbox 1470 2371 1581 2433; x_wconf 90' lang='lat' dir='ltr'><strong>omnia</strong></span> <span class='ocrx_word' id='word_1_101' title='bbox 1607 2371 1804 2439; x_wconf 89' lang='lat' dir='ltr'><strong>communia.</strong></span> 
     </span>
     <span class='ocr_line' id='line_1_13' title="bbox 407 2480 1805 2564; baseline 0.004 -21"><span class='ocrx_word' id='word_1_102' title='bbox 407 2480 597 2563; x_wconf 82' lang='lat' dir='ltr'><strong>‘Quicquid</strong></span> <span class='ocrx_word' id='word_1_103' title='bbox 617 2483 687 2544; x_wconf 90' lang='lat' dir='ltr'><strong>sine</strong></span> <span class='ocrx_word' id='word_1_104' title='bbox 703 2483 902 2546; x_wconf 91' lang='lat' dir='ltr'><strong>detrimento</strong></span> <span class='ocrx_word' id='word_1_105' title='bbox 917 2483 1021 2564; x_wconf 88' lang='lat' dir='ltr'><strong>possit</strong></span> <span class='ocrx_word' id='word_1_106' title='bbox 1036 2483 1249 2560; x_wconf 87' lang='lat' dir='ltr'><strong>commodari,</strong></span> <span class='ocrx_word' id='word_1_107' title='bbox 1265 2482 1300 2544; x_wconf 93' lang='lat' dir='ltr'><strong>id</strong></span> <span class='ocrx_word' id='word_1_108' title='bbox 1319 2481 1482 2545; x_wconf 85' lang='lat' dir='ltr'><strong>tribuatur</strong></span> <span class='ocrx_word' id='word_1_109' title='bbox 1499 2483 1554 2546; x_wconf 89' lang='lat' dir='ltr'><strong>uel</strong></span> <span class='ocrx_word' id='word_1_110' title='bbox 1577 2483 1701 2564; x_wconf 82' lang='lat' dir='ltr'><strong>ignoto</strong></span> <span class='ocrx_word' id='word_1_111' title='bbox 1747 2484 1805 2548; x_wconf 85' lang='lat' dir='ltr'><strong>Ex</strong></span> 
     </span>
     <span class='ocr_line' id='line_1_14' title="bbox 406 2593 1805 2677; baseline 0.003 -22"><span class='ocrx_word' id='word_1_112' title='bbox 406 2595 496 2674; x_wconf 92' lang='lat' dir='ltr'><strong>‘quo</strong></span> <span class='ocrx_word' id='word_1_113' title='bbox 523 2603 600 2657; x_wconf 92' lang='lat' dir='ltr'><strong>sunt</strong></span> <span class='ocrx_word' id='word_1_114' title='bbox 627 2593 684 2656; x_wconf 93' lang='lat' dir='ltr'><strong>illa</strong></span> <span class='ocrx_word' id='word_1_115' title='bbox 710 2596 907 2672; x_wconf 86' lang='lat' dir='ltr'><strong>communia,</strong></span> <span class='ocrx_word' id='word_1_116' title='bbox 932 2595 1010 2658; x_wconf 94' lang='lat' dir='ltr'><strong>Non</strong></span> <span class='ocrx_word' id='word_1_117' title='bbox 1034 2593 1207 2677; x_wconf 90' lang='lat' dir='ltr'><strong>prohibere</strong></span> <span class='ocrx_word' id='word_1_118' title='bbox 1226 2614 1312 2675; x_wconf 87' lang='lat' dir='ltr'><strong>aqua</strong></span> <span class='ocrx_word' id='word_1_119' title='bbox 1335 2593 1535 2676; x_wconf 87' lang='lat' dir='ltr'><strong>profluente:</strong></span> <span class='ocrx_word' id='word_1_120' title='bbox 1566 2593 1639 2658; x_wconf 90' lang='lat' dir='ltr'><strong>Pati</strong></span> <span class='ocrx_word' id='word_1_121' title='bbox 1662 2595 1705 2658; x_wconf 93' lang='lat' dir='ltr'><strong>ab</strong></span> <span class='ocrx_word' id='word_1_122' title='bbox 1728 2595 1805 2677; x_wconf 84' lang='lat' dir='ltr'><strong>igne</strong></span> 
     </span>
     <span class='ocr_line' id='line_1_15' title="bbox 406 2703 1851 2800; baseline 0.003 -35"><span class='ocrx_word' id='word_1_123' title='bbox 406 2705 540 2787; x_wconf 89' lang='lat' dir='ltr'><strong>‘ignem</strong></span> <span class='ocrx_word' id='word_1_124' title='bbox 563 2703 723 2787; x_wconf 74' lang='lat' dir='ltr'><strong>capere2.&#39;</strong></span> <span class='ocrx_word' id='word_1_125' title='bbox 768 2705 824 2770; x_wconf 92' lang='lat' dir='ltr'><strong>Sic</strong></span> <span class='ocrx_word' id='word_1_126' title='bbox 847 2706 937 2788; x_wconf 89' lang='lat' dir='ltr'><strong>quod</strong></span> <span class='ocrx_word' id='word_1_127' title='bbox 961 2707 1008 2770; x_wconf 90' lang='lat' dir='ltr'><strong>ait</strong></span> <span class='ocrx_word' id='word_1_128' title='bbox 1032 2706 1167 2784; x_wconf 85' lang='lat' dir='ltr'><strong>Seneca,</strong></span> <span class='ocrx_word' id='word_1_129' title='bbox 1188 2705 1292 2789; x_wconf 85' lang='lat' dir='ltr'><strong>‘Quis</strong></span> <span class='ocrx_word' id='word_1_130' title='bbox 1314 2705 1508 2769; x_wconf 90' lang='lat' dir='ltr'><strong>beneficium</strong></span> <span class='ocrx_word' id='word_1_131' title='bbox 1531 2707 1627 2784; x_wconf 89' lang='lat' dir='ltr'><strong>dixit,</strong></span> <span class='ocrx_word' id='word_1_132' title='bbox 1645 2707 1729 2788; x_wconf 89' lang='lat' dir='ltr'><strong>ignis</strong></span> <span class='ocrx_word' id='word_1_133' title='bbox 1751 2727 1805 2770; x_wconf 91' lang='lat' dir='ltr'><strong>ac·</strong></span> <span class='ocrx_word' id='word_1_134' title='bbox 1845 2787 1851 2800; x_wconf 93' lang='lat'><em>.</em></span> 
     </span>
     <span class='ocr_line' id='line_1_16' title="bbox 406 2815 1805 2898; baseline 0 -20"><span class='ocrx_word' id='word_1_135' title='bbox 406 2816 592 2879; x_wconf 84' lang='lat' dir='ltr'><strong>‘tendendi</strong></span> <span class='ocrx_word' id='word_1_136' title='bbox 607 2815 730 2880; x_wconf 83' lang='lat' dir='ltr'><strong>factam</strong></span> <span class='ocrx_word' id='word_1_137' title='bbox 746 2815 1004 2898; x_wconf 85' lang='lat' dir='ltr'><strong>potestatem³?&#39;</strong></span> <span class='ocrx_word' id='word_1_138' title='bbox 1050 2817 1132 2890; x_wconf 92' lang='lat' dir='ltr'><strong>Imo‚</strong></span> <span class='ocrx_word' id='word_1_139' title='bbox 1149 2817 1238 2898; x_wconf 88' lang='lat' dir='ltr'><strong>quod</strong></span> <span class='ocrx_word' id='word_1_140' title='bbox 1255 2816 1373 2898; x_wconf 88' lang='lat' dir='ltr'><strong>aliquis</strong></span> <span class='ocrx_word' id='word_1_141' title='bbox 1388 2817 1477 2898; x_wconf 90' lang='lat' dir='ltr'><strong>apud</strong></span> <span class='ocrx_word' id='word_1_142' title='bbox 1497 2815 1660 2894; x_wconf 91' lang='lat' dir='ltr'><strong>Plautum,</strong></span> <span class='ocrx_word' id='word_1_143' title='bbox 1676 2817 1805 2880; x_wconf 88' lang='lat' dir='ltr'><strong>‘Datur</strong></span> 
     </span>
     <span class='ocr_line' id='line_1_17' title="bbox 405 2925 1804 3011; baseline 0.002 -23"><span class='ocrx_word' id='word_1_144' title='bbox 405 2926 522 3008; x_wconf 71' lang='lat' dir='ltr'><strong>‘ignis</strong></span> <span class='ocrx_word' id='word_1_145' title='bbox 543 2929 675 2992; x_wconf 90' lang='lat' dir='ltr'><strong>tametsi</strong></span> <span class='ocrx_word' id='word_1_146' title='bbox 694 2929 737 2992; x_wconf 89' lang='lat' dir='ltr'><strong>ab</strong></span> <span class='ocrx_word' id='word_1_147' title='bbox 756 2929 893 2992; x_wconf 91' lang='lat' dir='ltr'><strong>inimicis</strong></span> <span class='ocrx_word' id='word_1_148' title='bbox 911 2925 1025 3011; x_wconf 88' lang='lat' dir='ltr'><strong>petas.’</strong></span> <span class='ocrx_word' id='word_1_149' title='bbox 1070 2928 1157 2992; x_wconf 89' lang='lat' dir='ltr'><strong>‘Cur</strong></span> <span class='ocrx_word' id='word_1_150' title='bbox 1182 2938 1218 2992; x_wconf 92' lang='lat' dir='ltr'><strong>tu</strong></span> <span class='ocrx_word' id='word_1_151' title='bbox 1243 2948 1365 3010; x_wconf 89' lang='lat' dir='ltr'><strong>aquam</strong></span> <span class='ocrx_word' id='word_1_152' title='bbox 1391 2947 1530 3008; x_wconf 88' lang='lat' dir='ltr'><strong>grauare</strong></span> <span class='ocrx_word' id='word_1_153' title='bbox 1551 2928 1680 3006; x_wconf 90' lang='lat' dir='ltr'><strong>amabo,</strong></span> <span class='ocrx_word' id='word_1_154' title='bbox 1703 2948 1804 3010; x_wconf 87' lang='lat' dir='ltr'><strong>quarn</strong></span> 
     </span>
     <span class='ocr_line' id='line_1_18' title="bbox 406 3037 1804 3123; baseline 0.001 -23"><span class='ocrx_word' id='word_1_155' title='bbox 406 3037 535 3102; x_wconf 91' lang='lat' dir='ltr'><strong>‘hostis</strong></span> <span class='ocrx_word' id='word_1_156' title='bbox 556 3039 643 3104; x_wconf 90' lang='lat' dir='ltr'><strong>hosti</strong></span> <span class='ocrx_word' id='word_1_157' title='bbox 666 3037 914 3104; x_wconf 79' lang='lat' dir='ltr'><strong>commodat4l’</strong></span> <span class='ocrx_word' id='word_1_158' title='bbox 959 3039 1081 3118; x_wconf 88' lang='lat' dir='ltr'><strong>Etiam,</strong></span> <span class='ocrx_word' id='word_1_159' title='bbox 1100 3060 1222 3122; x_wconf 89' lang='lat' dir='ltr'><strong>panem</strong></span> <span class='ocrx_word' id='word_1_160' title='bbox 1244 3040 1287 3102; x_wconf 91' lang='lat' dir='ltr'><strong>ab</strong></span> <span class='ocrx_word' id='word_1_161' title='bbox 1309 3038 1459 3102; x_wconf 89' lang='lat' dir='ltr'><strong>hostibus</strong></span> <span class='ocrx_word' id='word_1_162' title='bbox 1481 3039 1704 3121; x_wconf 87' lang='lat' dir='ltr'><strong>impetratum,</strong></span> <span class='ocrx_word' id='word_1_163' title='bbox 1723 3041 1804 3123; x_wconf 90' lang='lat' dir='ltr'><strong>legi·</strong></span> 
     </span>
     <span class='ocr_line' id='line_1_19' title="bbox 407 3149 1804 3233; baseline 0.003 -23"><span class='ocrx_word' id='word_1_164' title='bbox 407 3149 511 3215; x_wconf 60' lang='lat' dir='ltr'><strong>muse</strong></span> <span class='ocrx_word' id='word_1_165' title='bbox 558 3150 626 3215; x_wconf 89' lang='lat' dir='ltr'><strong>Sed</strong></span> <span class='ocrx_word' id='word_1_166' title='bbox 648 3151 754 3215; x_wconf 90' lang='lat' dir='ltr'><strong>officia</strong></span> <span class='ocrx_word' id='word_1_167' title='bbox 776 3150 858 3215; x_wconf 90' lang='lat' dir='ltr'><strong>haec</strong></span> <span class='ocrx_word' id='word_1_168' title='bbox 881 3150 1095 3215; x_wconf 88' lang='lat' dir='ltr'><strong>humanitatis</strong></span> <span class='ocrx_word' id='word_1_169' title='bbox 1117 3171 1184 3215; x_wconf 96' lang='lat' dir='ltr'><strong>non</strong></span> <span class='ocrx_word' id='word_1_170' title='bbox 1206 3159 1316 3214; x_wconf 91' lang='lat' dir='ltr'><strong>statuo</strong></span> <span class='ocrx_word' id='word_1_171' title='bbox 1340 3150 1431 3233; x_wconf 89' lang='lat' dir='ltr'><strong>leges</strong></span> <span class='ocrx_word' id='word_1_172' title='bbox 1457 3150 1615 3215; x_wconf 92' lang='lat' dir='ltr'><strong>hostibus.</strong></span> <span class='ocrx_word' id='word_1_173' title='bbox 1661 3152 1715 3214; x_wconf 89' lang='lat' dir='ltr'><strong>De</strong></span> <span class='ocrx_word' id='word_1_174' title='bbox 1738 3171 1804 3215; x_wconf 93' lang='lat' dir='ltr'><strong>non</strong></span> 
     </span>
     <span class='ocr_line' id='line_1_20' title="bbox 406 3257 1804 3346; baseline 0.003 -26"><span class='ocrx_word' id='word_1_175' title='bbox 406 3257 556 3324; x_wconf 89' lang='lat' dir='ltr'><strong>hostibus</strong></span> <span class='ocrx_word' id='word_1_176' title='bbox 575 3281 661 3325; x_wconf 93' lang='lat' dir='ltr'><strong>nunc</strong></span> <span class='ocrx_word' id='word_1_177' title='bbox 679 3262 762 3326; x_wconf 86' lang='lat' dir='ltr'><strong>dico.</strong></span> <span class='ocrx_word' id='word_1_178' title='bbox 807 3261 930 3325; x_wconf 92' lang='lat' dir='ltr'><strong>Noster</strong></span> <span class='ocrx_word' id='word_1_179' title='bbox 948 3261 1116 3345; x_wconf 89' lang='lat' dir='ltr'><strong>legislator</strong></span> <span class='ocrx_word' id='word_1_180' title='bbox 1134 3263 1339 3344; x_wconf 87' lang='lat' dir='ltr'><strong>supradictas</strong></span> <span class='ocrx_word' id='word_1_181' title='bbox 1358 3281 1410 3325; x_wconf 88' lang='lat' dir='ltr'><strong>res</strong></span> <span class='ocrx_word' id='word_1_182' title='bbox 1427 3282 1552 3340; x_wconf 90' lang='lat' dir='ltr'><strong>omnes,</strong></span> <span class='ocrx_word' id='word_1_183' title='bbox 1568 3270 1602 3325; x_wconf 92' lang='lat' dir='ltr'><strong>et</strong></span> <span class='ocrx_word' id='word_1_184' title='bbox 1617 3283 1713 3324; x_wconf 87' lang='lat' dir='ltr'><strong>usum</strong></span> <span class='ocrx_word' id='word_1_185' title='bbox 1729 3283 1804 3346; x_wconf 89' lang='lat' dir='ltr'><strong>por-</strong></span> 
     </span>
     <span class='ocr_line' id='line_1_21' title="bbox 406 3372 1804 3456; baseline 0.003 -22"><span class='ocrx_word' id='word_1_186' title='bbox 406 3379 500 3434; x_wconf 88' lang='lat' dir='ltr'><strong>tuum</strong></span> <span class='ocrx_word' id='word_1_187' title='bbox 522 3373 640 3436; x_wconf 91' lang='lat' dir='ltr'><strong>eadem</strong></span> <span class='ocrx_word' id='word_1_188' title='bbox 658 3373 850 3436; x_wconf 89' lang='lat' dir='ltr'><strong>definitione</strong></span> <span class='ocrx_word' id='word_1_189' title='bbox 868 3382 961 3438; x_wconf 88' lang='lat' dir='ltr'><strong>notat</strong></span> <span class='ocrx_word' id='word_1_190' title='bbox 971 3374 993 3435; x_wconf 77' lang='lat'><strong>⁰.</strong></span> <span class='ocrx_word' id='word_1_191' title='bbox 1039 3373 1093 3437; x_wconf 92' lang='lat' dir='ltr'><strong>De</strong></span> <span class='ocrx_word' id='word_1_192' title='bbox 1108 3374 1226 3455; x_wconf 90' lang='lat' dir='ltr'><strong>quibus</strong></span> <span class='ocrx_word' id='word_1_193' title='bbox 1245 3372 1466 3455; x_wconf 86' lang='lat' dir='ltr'><strong>intelligimus,</strong></span> <span class='ocrx_word' id='word_1_194' title='bbox 1481 3374 1571 3456; x_wconf 91' lang='lat' dir='ltr'><strong>quod</strong></span> <span class='ocrx_word' id='word_1_195' title='bbox 1591 3373 1671 3437; x_wconf 91' lang='lat' dir='ltr'><strong>illud</strong></span> <span class='ocrx_word' id='word_1_196' title='bbox 1688 3373 1737 3436; x_wconf 90' lang='lat' dir='ltr'><strong>ius</strong></span> <span class='ocrx_word' id='word_1_197' title='bbox 1753 3374 1804 3452; x_wconf 92' lang='lat' dir='ltr'><strong>sit,</strong></span> 
     </span>
     <span class='ocr_line' id='line_1_22' title="bbox 406 3483 1803 3569; baseline 0.001 -20"><span class='ocrx_word' id='word_1_198' title='bbox 406 3505 473 3566; x_wconf 93' lang='lat' dir='ltr'><strong>quo</strong></span> <span class='ocrx_word' id='word_1_199' title='bbox 493 3484 589 3561; x_wconf 89' lang='lat' dir='ltr'><strong>Galli,</strong></span> <span class='ocrx_word' id='word_1_200' title='bbox 605 3483 718 3568; x_wconf 87' lang='lat' dir='ltr'><strong>Angli,</strong></span> <span class='ocrx_word' id='word_1_201' title='bbox 734 3485 818 3549; x_wconf 87' lang='lat' dir='ltr'><strong>sorte</strong></span> <span class='ocrx_word' id='word_1_202' title='bbox 842 3495 875 3550; x_wconf 90' lang='lat' dir='ltr'><strong>et</strong></span> <span class='ocrx_word' id='word_1_203' title='bbox 897 3486 952 3550; x_wconf 88' lang='lat' dir='ltr'><strong>alii</strong></span> <span class='ocrx_word' id='word_1_204' title='bbox 968 3494 1106 3550; x_wconf 90' lang='lat' dir='ltr'><strong>utuntur</strong></span> <span class='ocrx_word' id='word_1_205' title='bbox 1128 3488 1214 3550; x_wconf 89' lang='lat' dir='ltr'><strong>circa</strong></span> <span class='ocrx_word' id='word_1_206' title='bbox 1236 3485 1414 3569; x_wconf 81' lang='lat' dir='ltr'><strong>naufragia.</strong></span> <span class='ocrx_word' id='word_1_207' title='bbox 1459 3486 1522 3550; x_wconf 92' lang='lat' dir='ltr'><strong>Est</strong></span> <span class='ocrx_word' id='word_1_208' title='bbox 1544 3487 1632 3550; x_wconf 90' lang='lat' dir='ltr'><strong>enim</strong></span> <span class='ocrx_word' id='word_1_209' title='bbox 1652 3487 1702 3549; x_wconf 92' lang='lat' dir='ltr'><strong>ius</strong></span> <span class='ocrx_word' id='word_1_210' title='bbox 1720 3486 1803 3550; x_wconf 89' lang='lat' dir='ltr'><strong>iniu-</strong></span> 
     </span>
     <span class='ocr_line' id='line_1_23' title="bbox 406 3595 1804 3680; baseline 0.003 -23"><span class='ocrx_word' id='word_1_211' title='bbox 406 3596 509 3659; x_wconf 90' lang='lat' dir='ltr'><strong>rium:</strong></span> <span class='ocrx_word' id='word_1_212' title='bbox 534 3605 570 3660; x_wconf 94' lang='lat' dir='ltr'><strong>ut</strong></span> <span class='ocrx_word' id='word_1_213' title='bbox 593 3598 659 3660; x_wconf 85' lang='lat' dir='ltr'><strong>suis</strong></span> <span class='ocrx_word' id='word_1_214' title='bbox 681 3597 825 3660; x_wconf 87' lang='lat' dir='ltr'><strong>dominis</strong></span> <span class='ocrx_word' id='word_1_215' title='bbox 847 3597 1033 3679; x_wconf 88' lang='lat' dir='ltr'><strong>eripiantur,</strong></span> <span class='ocrx_word' id='word_1_216' title='bbox 1049 3617 1134 3678; x_wconf 91' lang='lat' dir='ltr'><strong>quae</strong></span> <span class='ocrx_word' id='word_1_217' title='bbox 1157 3597 1261 3660; x_wconf 87' lang='lat' dir='ltr'><strong>eiecta</strong></span> <span class='ocrx_word' id='word_1_218' title='bbox 1283 3597 1316 3659; x_wconf 93' lang='lat' dir='ltr'><strong>ln</strong></span> <span class='ocrx_word' id='word_1_219' title='bbox 1340 3595 1469 3660; x_wconf 92' lang='lat' dir='ltr'><strong>illorum</strong></span> <span class='ocrx_word' id='word_1_220' title='bbox 1492 3607 1606 3680; x_wconf 89' lang='lat' dir='ltr'><strong>portus</strong></span> <span class='ocrx_word' id='word_1_221' title='bbox 1628 3605 1686 3660; x_wconf 88' lang='lat' dir='ltr'><strong>aut</strong></span> <span class='ocrx_word' id='word_1_222' title='bbox 1707 3596 1804 3662; x_wconf 89' lang='lat' dir='ltr'><strong>litora</strong></span> 
     </span>
     <span class='ocr_line' id='line_1_24' title="bbox 405 3706 1804 3789; baseline 0.001 -21"><span class='ocrx_word' id='word_1_223' title='bbox 405 3714 483 3769; x_wconf 92' lang='lat' dir='ltr'><strong>sunt</strong></span> <span class='ocrx_word' id='word_1_224' title='bbox 501 3727 559 3787; x_wconf 92' lang='lat' dir='ltr'><strong>per</strong></span> <span class='ocrx_word' id='word_1_225' title='bbox 576 3707 793 3788; x_wconf 82' lang='lat' dir='ltr'><strong>naufragium.</strong></span> <span class='ocrx_word' id='word_1_226' title='bbox 839 3707 885 3770; x_wconf 91' lang='lat' dir='ltr'><strong>Et</strong></span> <span class='ocrx_word' id='word_1_227' title='bbox 908 3728 987 3770; x_wconf 91' lang='lat' dir='ltr'><strong>uero</strong></span> <span class='ocrx_word' id='word_1_228' title='bbox 1010 3708 1249 3770; x_wconf 89' lang='lat' dir='ltr'><strong>Iustinianeum</strong></span> <span class='ocrx_word' id='word_1_229' title='bbox 1268 3707 1326 3782; x_wconf 92' lang='lat' dir='ltr'><strong>ius,</strong></span> <span class='ocrx_word' id='word_1_230' title='bbox 1345 3708 1434 3789; x_wconf 91' lang='lat' dir='ltr'><strong>quod</strong></span> <span class='ocrx_word' id='word_1_231' title='bbox 1453 3708 1496 3770; x_wconf 92' lang='lat' dir='ltr'><strong>de</strong></span> <span class='ocrx_word' id='word_1_232' title='bbox 1514 3706 1654 3772; x_wconf 87' lang='lat' dir='ltr'><strong>naturali</strong></span> <span class='ocrx_word' id='word_1_233' title='bbox 1673 3717 1707 3771; x_wconf 90' lang='lat' dir='ltr'><strong>et</strong></span> <span class='ocrx_word' id='word_1_234' title='bbox 1724 3728 1804 3789; x_wconf 90' lang='lat' dir='ltr'><strong>gen-</strong></span> 
     </span>
     <span class='ocr_line' id='line_1_25' title="bbox 405 3816 1804 3910; baseline 0.002 -30"><span class='ocrx_word' id='word_1_235' title='bbox 405 3817 489 3910; x_wconf 85' lang='lat' dir='ltr'><strong>tium</strong></span> <span class='ocrx_word' id='word_1_236' title='bbox 508 3817 577 3881; x_wconf 91' lang='lat' dir='ltr'><strong>iure</strong></span> <span class='ocrx_word' id='word_1_237' title='bbox 594 3817 772 3900; x_wconf 89' lang='lat' dir='ltr'><strong>plurimum</strong></span> <span class='ocrx_word' id='word_1_238' title='bbox 791 3817 967 3881; x_wconf 90' lang='lat' dir='ltr'><strong>collectum</strong></span> <span class='ocrx_word' id='word_1_239' title='bbox 984 3827 1042 3894; x_wconf 88' lang='lat' dir='ltr'><strong>est,</strong></span> <span class='ocrx_word' id='word_1_240' title='bbox 1057 3818 1178 3881; x_wconf 87' lang='lat' dir='ltr'><strong>iniusta</strong></span> <span class='ocrx_word' id='word_1_241' title='bbox 1194 3817 1277 3880; x_wconf 87' lang='lat' dir='ltr'><strong>haec</strong></span> <span class='ocrx_word' id='word_1_242' title='bbox 1294 3816 1383 3880; x_wconf 84' lang='lat' dir='ltr'><strong>sacta</strong></span> <span class='ocrx_word' id='word_1_243' title='bbox 1402 3818 1601 3882; x_wconf 88' lang='lat' dir='ltr'><strong>condemnat</strong></span> <span class='ocrx_word' id='word_1_244' title='bbox 1619 3819 1685 3882; x_wconf 90' lang='lat' dir='ltr'><strong>late</strong></span> <span class='ocrx_word' id='word_1_245' title='bbox 1702 3827 1804 3901; x_wconf 88' lang='lat' dir='ltr'><strong>atque</strong></span> 
     </span>
     <span class='ocr_line' id='line_1_26' title="bbox 406 3927 1804 4010; baseline 0.002 -20"><span class='ocrx_word' id='word_1_246' title='bbox 406 3927 593 3991; x_wconf 77' lang='lat' dir='ltr'><strong>seueriter⁷.</strong></span> <span class='ocrx_word' id='word_1_247' title='bbox 651 3929 697 3992; x_wconf 91' lang='lat' dir='ltr'><strong>Et</strong></span> <span class='ocrx_word' id='word_1_248' title='bbox 721 3928 932 3992; x_wconf 90' lang='lat' dir='ltr'><strong>Andronicus</strong></span> <span class='ocrx_word' id='word_1_249' title='bbox 963 3929 1140 4009; x_wconf 88' lang='lat' dir='ltr'><strong>imperator</strong></span> <span class='ocrx_word' id='word_1_250' title='bbox 1166 3927 1375 4010; x_wconf 87' lang='lat' dir='ltr'><strong>pertinaciter</strong></span> <span class='ocrx_word' id='word_1_251' title='bbox 1402 3928 1514 4002; x_wconf 88' lang='lat' dir='ltr'><strong>uoluit,</strong></span> <span class='ocrx_word' id='word_1_252' title='bbox 1541 3928 1604 3993; x_wconf 93' lang='lat' dir='ltr'><strong>hoc</strong></span> <span class='ocrx_word' id='word_1_253' title='bbox 1634 3930 1723 3992; x_wconf 90' lang='lat' dir='ltr'><strong>idem</strong></span> <span class='ocrx_word' id='word_1_254' title='bbox 1754 3930 1804 3993; x_wconf 91' lang='lat' dir='ltr'><strong>ius</strong></span> 
     </span>
     <span class='ocr_line' id='line_1_27' title="bbox 407 4039 1804 4124; baseline 0.003 -24"><span class='ocrx_word' id='word_1_255' title='bbox 407 4048 555 4103; x_wconf 92' lang='lat' dir='ltr'><strong>nostrum</strong></span> <span class='ocrx_word' id='word_1_256' title='bbox 578 4039 766 4105; x_wconf 91' lang='lat' dir='ltr'><strong>obseruari:</strong></span> <span class='ocrx_word' id='word_1_257' title='bbox 794 4049 828 4104; x_wconf 91' lang='lat' dir='ltr'><strong>et</strong></span> <span class='ocrx_word' id='word_1_258' title='bbox 850 4041 1022 4124; x_wconf 88' lang='lat' dir='ltr'><strong>piraticam</strong></span> <span class='ocrx_word' id='word_1_259' title='bbox 1045 4039 1143 4102; x_wconf 92' lang='lat' dir='ltr'><strong>istam</strong></span> <span class='ocrx_word' id='word_1_260' title='bbox 1167 4039 1442 4102; x_wconf 89' lang='lat' dir='ltr'><strong>inhumanitatem</strong></span> <span class='ocrx_word' id='word_1_261' title='bbox 1465 4041 1667 4123; x_wconf 88' lang='lat' dir='ltr'><strong>compescuit</strong></span> <span class='ocrx_word' id='word_1_262' title='bbox 1688 4043 1804 4123; x_wconf 90' lang='lat' dir='ltr'><strong>poenis</strong></span> 
     </span>
     <span class='ocr_line' id='line_1_28' title="bbox 405 4151 1803 4236; baseline 0.001 -20"><span class='ocrx_word' id='word_1_263' title='bbox 405 4153 625 4236; x_wconf 89' lang='lat' dir='ltr'><strong>asperioribus</strong></span> <span class='ocrx_word' id='word_1_264' title='bbox 635 4152 656 4218; x_wconf 82' lang='lat'><strong>⁸.</strong></span> <span class='ocrx_word' id='word_1_265' title='bbox 702 4153 902 4236; x_wconf 84' lang='lat' dir='ltr'><strong>Quanquam</strong></span> <span class='ocrx_word' id='word_1_266' title='bbox 921 4173 999 4216; x_wconf 92' lang='lat' dir='ltr'><strong>uero</strong></span> <span class='ocrx_word' id='word_1_267' title='bbox 1018 4173 1114 4215; x_wconf 88' lang='lat' dir='ltr'><strong>usum</strong></span> <span class='ocrx_word' id='word_1_268' title='bbox 1132 4151 1249 4215; x_wconf 89' lang='lat' dir='ltr'><strong>horum</strong></span> <span class='ocrx_word' id='word_1_269' title='bbox 1268 4153 1416 4216; x_wconf 92' lang='lat' dir='ltr'><strong>omnium</strong></span> <span class='ocrx_word' id='word_1_270' title='bbox 1435 4153 1574 4217; x_wconf 90' lang='lat' dir='ltr'><strong>dicimus</strong></span> <span class='ocrx_word' id='word_1_271' title='bbox 1593 4173 1803 4218; x_wconf 88' lang='lat' dir='ltr'><strong>communem</strong></span> 
     </span>
    </p>
   </div>
   <div class='ocr_carea' id='block_1_7' title="bbox 431 4401 1805 4677">
    <p class='ocr_par' dir='ltr' id='par_1_7' title="bbox 431 4401 1805 4677">
     <span class='ocr_line' id='line_1_29' title="bbox 471 4401 1770 4512; baseline -0.001 -15"><span class='ocrx_word' id='word_1_272' title='bbox 471 4445 567 4512; x_wconf 86' lang='lat' dir='ltr'><strong>¹Virg.</strong></span> <span class='ocrx_word' id='word_1_273' title='bbox 582 4461 601 4497; x_wconf 83' lang='lat'><strong>1.</strong></span> <span class='ocrx_word' id='word_1_274' title='bbox 614 4448 677 4498; x_wconf 87' lang='lat' dir='ltr'><strong>Aen.</strong></span> <span class='ocrx_word' id='word_1_275' title='bbox 689 4448 707 4499; x_wconf 93' lang='lat' dir='ltr'><strong>l.</strong></span> <span class='ocrx_word' id='word_1_276' title='bbox 720 4446 776 4511; x_wconf 82' lang='lat'><strong>563,</strong></span> <span class='ocrx_word' id='word_1_277' title='bbox 789 4449 852 4497; x_wconf 82' lang='lat' dir='ltr'><strong>Aen.</strong></span> <span class='ocrx_word' id='word_1_278' title='bbox 866 4458 888 4511; x_wconf 84' lang='lat'><strong>7.</strong></span> <span class='ocrx_word' id='word_1_279' title='bbox 900 4447 917 4498; x_wconf 92' lang='lat' dir='ltr'><strong>l.</strong></span> <span class='ocrx_word' id='word_1_280' title='bbox 930 4461 984 4512; x_wconf 80' lang='lat'>²03·</span> <span class='ocrx_word' id='word_1_281' title='bbox 1108 4445 1188 4496; x_wconf 78' lang='lat' dir='ltr'><strong>&#39;Cic</strong></span> <span class='ocrx_word' id='word_1_282' title='bbox 1204 4446 1268 4497; x_wconf 74' lang='lat' dir='ltr'><strong>nde</strong></span> <span class='ocrx_word' id='word_1_283' title='bbox 1279 4445 1327 4495; x_wconf 81' lang='lat' dir='ltr'><strong>Off.</strong></span> <span class='ocrx_word' id='word_1_284' title='bbox 1342 4459 1380 4510; x_wconf 87' lang='lat'><strong>15.</strong></span> <span class='ocrx_word' id='word_1_285' title='bbox 1505 4447 1588 4498; x_wconf 81' lang='lat' dir='ltr'><strong>¹Sen.</strong></span> <span class='ocrx_word' id='word_1_286' title='bbox 1600 4463 1623 4511; x_wconf 87' lang='lat'><strong>4.</strong></span> <span class='ocrx_word' id='word_1_287' title='bbox 1636 4447 1668 4496; x_wconf 86' lang='lat' dir='ltr'><strong>de</strong></span> <span class='ocrx_word' id='word_1_288' title='bbox 1679 4447 1739 4498; x_wconf 88' lang='lat' dir='ltr'><strong>Ben.</strong></span> <span class='ocrx_word' id='word_1_289' title='bbox 1767 4401 1770 4412; x_wconf 34' lang='lat'><strong><em>¹</em></strong></span> 
     </span>
     <span class='ocr_line' id='line_1_30' title="bbox 602 4527 1606 4594; baseline 0.002 -16"><span class='ocrx_word' id='word_1_290' title='bbox 602 4527 697 4581; x_wconf 77' lang='lat' dir='ltr'><strong>*Plau</strong></span> <span class='ocrx_word' id='word_1_291' title='bbox 709 4529 760 4580; x_wconf 88' lang='lat' dir='ltr'><strong>Tri.</strong></span> <span class='ocrx_word' id='word_1_292' title='bbox 774 4545 797 4592; x_wconf 77' lang='lat'><strong>3.</strong></span> <span class='ocrx_word' id='word_1_293' title='bbox 810 4544 832 4590; x_wconf 81' lang='lat'><strong>2,</strong></span> <span class='ocrx_word' id='word_1_294' title='bbox 844 4531 891 4580; x_wconf 90' lang='lat' dir='ltr'><strong>Ru.</strong></span> <span class='ocrx_word' id='word_1_295' title='bbox 905 4545 927 4580; x_wconf 81' lang='lat'><strong>2.</strong></span> <span class='ocrx_word' id='word_1_296' title='bbox 938 4547 963 4594; x_wconf 87' lang='lat'><strong>4.</strong></span> <span class='ocrx_word' id='word_1_297' title='bbox 1057 4528 1137 4583; x_wconf 64' lang='grc' dir='ltr'><strong>ὖΡΙιι.</strong></span> <span class='ocrx_word' id='word_1_298' title='bbox 1149 4529 1191 4593; x_wconf 85' lang='lat' dir='ltr'><strong>Sy.</strong></span> <span class='ocrx_word' id='word_1_299' title='bbox 1289 4527 1376 4579; x_wconf 72' lang='lat' dir='ltr'><strong>‘Inst</strong></span> <span class='ocrx_word' id='word_1_300' title='bbox 1388 4530 1464 4580; x_wconf 90' lang='lat' dir='ltr'><strong>dere.</strong></span> <span class='ocrx_word' id='word_1_301' title='bbox 1475 4529 1508 4580; x_wconf 92' lang='lat' dir='ltr'><strong>di.</strong></span> <span class='ocrx_word' id='word_1_302' title='bbox 1522 4533 1557 4592; x_wconf 68' lang='grc' dir='ltr'><strong>(π.</strong></span> <span class='ocrx_word' id='word_1_303' title='bbox 1572 4531 1606 4592; x_wconf 92' lang='lat'><strong>1).</strong></span> 
     </span>
     <span class='ocr_line' id='line_1_31' title="bbox 431 4609 1805 4677; baseline 0.002 -18"><span class='ocrx_word' id='word_1_304' title='bbox 431 4609 465 4658; x_wconf 90' lang='lat' dir='ltr'><strong>D.</strong></span> <span class='ocrx_word' id='word_1_305' title='bbox 472 4611 502 4660; x_wconf 89' lang='lat' dir='ltr'><strong>de</strong></span> <span class='ocrx_word' id='word_1_306' title='bbox 511 4612 544 4661; x_wconf 90' lang='lat' dir='ltr'><strong>in.</strong></span> <span class='ocrx_word' id='word_1_307' title='bbox 552 4627 587 4661; x_wconf 90' lang='lat' dir='ltr'><strong>ru.</strong></span> <span class='ocrx_word' id='word_1_308' title='bbox 597 4629 637 4661; x_wconf 87' lang='lat' dir='ltr'><strong>na.</strong></span> <span class='ocrx_word' id='word_1_309' title='bbox 647 4613 699 4676; x_wconf 83' lang='lat'>(47.</span> <span class='ocrx_word' id='word_1_310' title='bbox 709 4615 751 4677; x_wconf 84' lang='lat'><strong>9);</strong></span> <span class='ocrx_word' id='word_1_311' title='bbox 763 4614 792 4664; x_wconf 92' lang='lat' dir='ltr'><strong>C.</strong></span> <span class='ocrx_word' id='word_1_312' title='bbox 800 4613 831 4662; x_wconf 89' lang='lat' dir='ltr'><strong>de</strong></span> <span class='ocrx_word' id='word_1_313' title='bbox 841 4613 919 4663; x_wconf 78' lang='lat' dir='ltr'><strong>naulr.</strong></span> <span class='ocrx_word' id='word_1_314' title='bbox 930 4615 981 4677; x_wconf 91' lang='lat'>(11.</span> <span class='ocrx_word' id='word_1_315' title='bbox 991 4613 1030 4676; x_wconf 88' lang='lat'><strong>5);</strong></span> <span class='ocrx_word' id='word_1_316' title='bbox 1042 4611 1151 4664; x_wconf 82' lang='lat' dir='ltr'><strong>Authen.</strong></span> <span class='ocrx_word' id='word_1_317' title='bbox 1160 4611 1270 4677; x_wconf 84' lang='lat' dir='ltr'><strong>nauigia;</strong></span> <span class='ocrx_word' id='word_1_318' title='bbox 1286 4613 1316 4663; x_wconf 93' lang='lat' dir='ltr'><strong>C.</strong></span> <span class='ocrx_word' id='word_1_319' title='bbox 1325 4612 1356 4662; x_wconf 90' lang='lat' dir='ltr'><strong>de</strong></span> <span class='ocrx_word' id='word_1_320' title='bbox 1365 4611 1411 4663; x_wconf 89' lang='lat' dir='ltr'><strong>lur.</strong></span> <span class='ocrx_word' id='word_1_321' title='bbox 1423 4612 1460 4677; x_wconf 86' lang='lat'><strong>(6.</strong></span> <span class='ocrx_word' id='word_1_322' title='bbox 1469 4615 1503 4676; x_wconf 79' lang='lat' dir='ltr'><strong>a).</strong></span> <span class='ocrx_word' id='word_1_323' title='bbox 1537 4612 1547 4642; x_wconf 80' lang='lat'>⁸</span> <span class='ocrx_word' id='word_1_324' title='bbox 1563 4612 1662 4663; x_wconf 84' lang='lat' dir='ltr'><strong>Niceta.</strong></span> <span class='ocrx_word' id='word_1_325' title='bbox 1670 4611 1714 4662; x_wconf 91' lang='lat' dir='ltr'><strong>lib.</strong></span> <span class='ocrx_word' id='word_1_326' title='bbox 1723 4625 1745 4661; x_wconf 77' lang='lat' dir='ltr'><strong>a.</strong></span> <span class='ocrx_word' id='word_1_327' title='bbox 1753 4625 1773 4661; x_wconf 81' lang='lat' dir='ltr'><strong>c</strong></span> <span class='ocrx_word' id='word_1_328' title='bbox 1782 4627 1805 4675; x_wconf 79' lang='lat'><strong>3.</strong></span> 
     </span>
    </p>
   </div>
   <div class='ocr_carea' id='block_1_8' title="bbox 0 0 2266 5570">
    <p class='ocr_par' dir='ltr' id='par_1_8' title="bbox 0 0 2266 5570">
     <span class='ocr_line' id='line_1_32' title="bbox 0 0 2266 5570; baseline 0 0"><span class='ocrx_word' id='word_1_329' title='bbox 0 0 2266 5570; x_wconf 95' lang='lat' dir='ltr'><strong> </strong></span> 
     </span>
    </p>
   </div>
  </div>
 </body>
</html>
