4498 5566
738 716 799 772 DE
827 707 931 772 IURE
959 718 1094 785 BELLI,
1125 718 1203 772 LIB.
1227 719 1251 786 I,
1284 719 1370 774 CAP.
1394 720 1418 773 I.
1758 733 1775 795 7

376 971 551 1045 propterea
573 961 738 1044 improbat
761 982 904 1044 quoque.
951 960 1019 1027 Sed
1035 963 1124 1045 quod
1145 964 1330 1028 successiue
1349 963 1479 1045 placere
1500 964 1655 1029 omnibus
1671 964 1778 1028 uisum

377 1084 436 1154 est,
460 1075 493 1138 id
523 1075 626 1138 totius
655 1074 743 1137 orbis
768 1073 946 1151 decretum,
969 1084 1003 1138 et
1025 1074 1199 1138 concilium
1223 1074 1325 1139 fuisse
1352 1075 1569 1141 existimetur.
1608 1087 1646 1140 ut
1672 1077 1719 1141 ita
1745 1078 1778 1140 in

376 1187 548 1270 proposito
570 1207 630 1251 suo
653 1186 851 1251 Ambrosius
869 1187 1060 1269 aliquando,
1076 1197 1109 1251 et
1130 1187 1355 1270 Hieronymus
1377 1188 1561 1252 docuerunt
1571 1187 1591 1254 ¹.
1638 1189 1684 1254 Et
1700 1210 1778 1254 uero

377 1300 427 1363 ius
450 1320 515 1364 non
539 1300 706 1382 scriptum,
723 1309 760 1362 ut
774 1298 837 1363 hoc
854 1308 913 1378 est,
929 1299 1009 1363 item
1024 1308 1061 1362 ut
1077 1301 1290 1378 consuetudo,
1306 1300 1402 1364 aliter
1417 1320 1481 1363 non
1497 1301 1669 1367 inducitur.
1715 1302 1779 1366 Ist-

376 1410 459 1476 haec
488 1422 600 1476 autem
631 1410 830 1494 adprobatio
856 1431 916 1475 nec
942 1413 1096 1493 cognosci
1123 1431 1188 1476 non
1213 1421 1341 1495 potest:
1376 1413 1662 1495 quemadmodum
1688 1414 1779 1497 quod

377 1524 525 1588 omnium
540 1524 699 1607 gentium,
710 1542 935 1606 generumque
946 1522 1133 1588 hominibus
1149 1524 1323 1604 uideretur,
1336 1523 1446 1616 Deum
1459 1522 1559 1588 essel.
1599 1525 1780 1589 Potuenrnt

378 1638 480 1701 nostri
504 1635 729 1701 Iurisconsulti
752 1636 795 1699 de
818 1635 972 1701 omnibus
991 1637 1145 1720 gentibus
1168 1637 1295 1702 dicere:
1326 1657 1402 1703 cum
1422 1637 1657 1716 Romanorum,
1672 1637 1780 1702 Alex-

376 1751 479 1825 andri,
508 1761 541 1816 et
568 1749 766 1814 Parthorum
794 1749 932 1831 imperia
957 1750 1115 1832 detegere
1140 1751 1183 1814 de
1209 1749 1260 1814 his
1286 1750 1463 1834 potuerint,
1494 1761 1527 1814 et
1557 1750 1746 1816 detexerint
1757 1751 1781 1816 ³.

378 1862 500 1928 Scribit
526 1863 729 1937 Herodotus,
754 1861 921 1944 incognita
950 1863 1062 1926 onmia
1089 1864 1122 1926 in
1148 1861 1416 1946 Septentrionem
1447 1863 1533 1928 ultra
1557 1863 1747 1927 Danubium
1757 1863 1780 1928 ⁴.

378 1975 446 2042 Sed
470 1997 537 2040 non
555 1977 603 2041 ita
622 1985 697 2059 post
718 1974 929 2040 Herodotum
945 1974 1016 2040 suit.
1062 1976 1150 2040 Nam
1170 1986 1204 2040 et
1220 1976 1360 2054 Renum,
1377 1983 1410 2040 et
1427 1975 1619 2040 Danubium
1636 1974 1780 2041 Romani

377 2089 535 2172 pontibus
571 2086 734 2170 impositis
768 2087 944 2151 transiere:
984 2106 1048 2149 non
1084 2087 1185 2150 modo
1213 2087 1428 2169 Euphratem,
1460 2097 1494 2153 et
1527 2088 1666 2171 Tigrim.
1696 2089 1782 2154 inter

378 2199 521 2279 Renum,
546 2199 729 2282 Albimque
755 2199 866 2263 omnia
892 2200 977 2263 duce
1003 2197 1201 2263 Germanico
1227 2198 1443 2264 debellarunt.
1474 2199 1560 2264 ultra
1587 2200 1780 2264 Danubium

375 2313 562 2396 prouincias
585 2332 724 2395 magnas
746 2311 890 2375 Traiano
914 2311 1113 2392 imperatore
1135 2309 1354 2375 confecerunt.
1386 2321 1419 2375 et
1441 2312 1474 2375 in
1492 2310 1677 2377 Asiaticam
1698 2311 1781 2396 Sep-

375 2425 548 2490 tentrionis
565 2424 700 2507 plagam
720 2423 826 2487 multo
844 2422 974 2504 longius
992 2422 1128 2505 Pompei
1143 2423 1296 2505 auspiciis
1311 2432 1578 2506 penetrauerunt.
1625 2425 1781 2507 Mesopo·

376 2538 487 2615 tamia,
504 2546 538 2602 et
553 2545 671 2602 cuncta
687 2536 778 2599 intra.
788 2535 929 2613 Phasim,
944 2543 1046 2616 atque
1063 2533 1270 2616 Euphratem
1286 2534 1375 2600 iacta
1394 2536 1456 2599 sub
1473 2535 1628 2601 Romano
1647 2537 1781 2620 populo

378 2648 450 2713 Sub
461 2648 661 2713 Alexandro
677 2656 873 2730 peruentum
889 2647 932 2710 ad
949 2646 1082 2711 ultimos
1100 2646 1214 2711 Indiae
1230 2647 1342 2711 finesl.
1368 2648 1417 2712 Et
1432 2648 1476 2712 ab
1492 2650 1585 2712 Indis
1600 2648 1783 2731 legationes

378 2783 498 2827 uenere
518 2762 663 2826 Romam
674 2761 694 2825 ⁶.
735 2760 916 2844 Septimius
935 2759 1073 2823 Flaccus
1092 2779 1167 2824 cum
1185 2758 1450 2840 Garamantibus,
1466 2781 1541 2825 cum
1557 2760 1783 2845 Aethiopibus

376 2874 457 2939 suit:
481 2875 562 2938 item
585 2883 619 2938 et
635 2873 739 2936 Iulius
754 2871 936 2935 Maternus.
983 2870 1028 2933 Et
1044 2869 1283 2936 Garamantum
1307 2871 1408 2956 legati
1429 2892 1496 2936 non
1518 2873 1620 2938 semel
1639 2873 1672 2938 in
1690 2873 1782 2938 Urbe

377 2990 439 3054 uisi
454 2988 617 3053 fuerunt⁷.
663 2986 803 3068 Subegit
822 3006 879 3050 eos
895 2984 1019 3049 Balbus
1036 2983 1220 3049 Cornelius.
1252 2995 1286 3049 et
1306 2985 1392 3051 ultra
1406 2985 1584 3051 Atlantem
1604 2986 1783 3052 Suetonius

378 3102 533 3166 Paulinus
556 3098 633 3164 tulit
655 3118 747 3163 arma
771 3096 956 3162 Romana⁸.
1003 3097 1141 3162 Subacti
1165 3096 1364 3176 Nabathaei,
1382 3099 1503 3164 intrata
1523 3098 1652 3163 Arabia
1675 3099 1783 3178 Felix,

377 3223 411 3279 et
426 3213 624 3297 cognomina
639 3211 728 3276 illinc
745 3210 1004 3292 Imperatoribus
1017 3209 1207 3292 reportata⁹.
1247 3207 1315 3274 Sed
1331 3211 1374 3274 ad
1391 3209 1609 3276 Occidentem
1625 3211 1782 3294 quicquid

379 3336 457 3406 erat,
480 3326 560 3391 illud
584 3325 757 3389 Romanae
779 3323 949 3406 potentiae
972 3321 1109 3404 patebat
1130 3331 1249 3387 totum.
1295 3323 1440 3387 Istorum
1463 3323 1563 3406 igitur
1585 3324 1782 3406 populorum

378 3439 527 3503 omnium
543 3437 599 3520 qui
616 3455 724 3500 mores
738 3435 867 3513 suerint,
883 3455 969 3518 quae
984 3435 1144 3512 instituta,
1160 3434 1363 3516 incognitum
1380 3455 1451 3499 esse
1467 3455 1533 3500 non
1549 3437 1668 3518 potuit.
1714 3435 1783 3502 Sed

378 3572 438 3617 nec
458 3551 596 3615 aliorum
620 3548 763 3632 plurium
786 3547 900 3631 ignota
923 3567 995 3612 esse
1017 3546 1170 3611 instituta
1193 3555 1390 3629 potuerunt:
1421 3548 1464 3612 de
1486 3548 1604 3630 quibus
1625 3547 1782 3613 Historici

379 3664 593 3739 tradiderunt,
617 3662 817 3736 Herodotus,
842 3659 979 3737 Ctesias,
1003 3657 1134 3737 Strabo,
1157 3658 1334 3734 Diodorus,
1355 3659 1497 3738 Solinus,
1521 3659 1621 3739 Mela,
1636 3660 1783 3738 Tacitus

380 3774 513 3852 Plinius,
539 3774 613 3839 alii:
646 3772 747 3838 etad
778 3791 861 3854 quos
890 3792 949 3854 per
972 3772 1170 3836 commercia
1199 3771 1331 3854 saepius
1361 3773 1445 3836 itum
1475 3781 1535 3838 est.
1581 3774 1784 3838 Mercatores

379 3889 464 3954 circa
486 3909 546 3952 sua
564 3888 715 3969 occupati
738 3885 943 3961 commercia,
960 3885 1165 3968 negligentes
1186 3893 1265 3949 sunt
1287 3884 1335 3947 illi
1352 3886 1486 3968 quidem
1509 3887 1664 3964 ueritatis,
1681 3898 1715 3951 et
1738 3905 1782 3953 ex

379 4001 467 4067 inani
479 3999 662 4065 ambitione
673 3999 782 4063 dicere
798 3997 902 4061 multa
917 3996 1033 4071 solent,
1046 4005 1082 4060 ut
1098 3997 1145 4060 ait
1161 3995 1411 4062 Ptolomaeus¹⁰.
1443 3997 1510 4064 Sed
1527 4007 1561 4062 et
1576 4018 1654 4062 uera
1668 3998 1784 4064 habita

378 4113 423 4178 ab
447 4113 527 4195 ipsis
550 4120 628 4176 sunt
654 4110 767 4176 multa.
805 4119 839 4174 et
867 4108 948 4173 haec
971 4108 1122 4192 gentium
1148 4109 1225 4172 iuris
1253 4128 1320 4172 non
1347 4129 1426 4174 sane
1456 4109 1671 4192 neglexerint,
1697 4131 1784 4195 quae

379 4224 478 4290 ualde
495 4225 538 4291 ad
562 4225 651 4309 ipsos
674 4221 904 4307 spectauerint‚
920 4229 955 4285 et
976 4222 1019 4285 ad
1042 4220 1239 4285 commercia
1262 4221 1417 4304 ipsomm.
1453 4220 1540 4287 Sunt
1560 4223 1684 4288 scilieet
1706 4224 1784 4287 iuris

412 4423 631 4490 ¹A.adEph.4;
651 4421 750 4472 H.Tit.
766 4437 786 4470 1.
857 4419 1250 4484 'Cic.r.Denst.Deo.e17.
1326 4419 1750 4488 ⁸rrStrs.c.7;3Polyb.c.58.

380 4506 389 4536 ⁴
407 4508 503 4559 Herod.
514 4507 559 4557 lib.
572 4519 595 4570 5.
607 4522 629 4557 c.
641 4520 664 4570 9.
758 4504 768 4534 ⁶
784 4505 867 4555 Arria.
878 4503 960 4567 lib.5;
980 4504 1041 4554 Tae.
1056 4517 1094 4553 12.
1106 4519 1147 4553 au.
1162 4517 1200 4566 13.
1285 4503 1296 4532 ⁶
1312 4503 1379 4555 Suet.
1392 4506 1457 4570 Aug.
1471 4519 1515 4563 m
1531 4505 1605 4555 Oros.
1617 4504 1661 4555 lib.
1673 4505 1697 4556 6.
1709 4521 1731 4556 c.
1745 4519 1784 4554 ar.

477 4589 488 4620 ⁷
505 4590 570 4640 Ptol.
586 4603 606 4637 1.
618 4603 690 4654 geog.
703 4589 733 4646 8;
750 4588 809 4638 Tac.
822 4604 846 4652 4.
857 4603 897 4636 an.
912 4587 950 4637 ²6.
1116 4586 1125 4616 ¹
1143 4585 1220 4636 Solin.
1232 4602 1253 4637 c.
1266 4597 1305 4650 37.
1317 4602 1364 4651 μς
1382 4588 1446 4637 Plin.
1458 4587 1501 4637 lib.
1514 4602 1536 4651 5.
1550 4592 1579 4648 ἐξ
1596 4602 1633 4652 14,
1646 4588 1685 4650 36.

607 4671 617 4702 ⁹
634 4673 700 4738 App.
713 4669 808 4736 prael.;
824 4669 872 4721 Str.
885 4670 930 4719 lib.
943 4669 988 4719 ull.
1001 4686 1020 4720 c.
1033 4687 1057 4734 4.
1280 4669 1298 4699 ¹⁰
1315 4670 1381 4720 Ptol.
1396 4684 1416 4720 1.
1428 4685 1501 4737 geog.
1516 4684 1553 4720 11.
