4522 5570
935 711 1137 766 ALBERICI
1165 712 1365 766 GENTILIS

449 963 546 1026 detur
564 970 695 1025 tantum
713 961 756 1023 ad
775 956 918 1023 limites?
963 958 1063 1041 Quod
1079 958 1194 1022 iecisse
1210 957 1288 1021 olim
1306 959 1489 1037 Britannos
1506 980 1591 1023 nunc
1607 961 1713 1024 lacere
1730 961 1848 1027 Sinon·

451 1095 515 1150 seS,
530 1075 682 1138 audimus
691 1071 713 1135 ¹.
754 1070 837 1134 Mihi
853 1092 961 1152 neque
976 1072 1115 1133 uetitum
1132 1071 1263 1133 uidetur
1278 1071 1519 1135 commercium.
1557 1072 1688 1156 Hospes
1705 1095 1848 1156 namque

451 1184 529 1268 pelli
552 1205 618 1248 non
641 1183 768 1259 dicitur,
784 1182 841 1263 qui
863 1183 896 1244 in
918 1181 1007 1244 omni
1031 1189 1125 1263 parte
1146 1181 1266 1244 domus
1289 1201 1355 1243 non
1379 1182 1551 1263 excipitur.
1596 1183 1642 1246 Et
1665 1184 1741 1249 licet
1761 1186 1847 1250 clam

450 1297 573 1360 habere
588 1297 677 1378 regni
692 1314 826 1357 arcana:
850 1312 1025 1374 arcereque
1040 1312 1156 1355 omnes
1172 1291 1228 1374 qui
1243 1301 1300 1355 aut
1316 1294 1451 1356 scrutari
1470 1295 1620 1358 uenerint
1637 1306 1694 1359 aut
1712 1299 1847 1361 scrutari

451 1408 577 1492 possint
586 1407 608 1471 ².
653 1407 766 1469 Etiam
789 1405 914 1469 licitum
937 1405 1076 1479 uidetur,
1095 1403 1260 1485 prohiberi
1283 1404 1461 1486 aliquando
1484 1408 1647 1487 quaedam
1671 1410 1846 1490 exportari,

452 1529 489 1590 ut
510 1539 634 1596 aurum,
658 1526 907 1599 argentumque.
937 1536 979 1578 ne
1000 1516 1053 1578 uel
1072 1515 1306 1579 exhauriantur
1324 1517 1530 1598 prouinciae:
1553 1529 1605 1582 ast
1626 1539 1750 1584 merces
1772 1541 1847 1584 cum

452 1632 614 1695 mercibus
636 1626 739 1715 (quod
763 1629 812 1691 ius
833 1628 983 1710 priscum,
1001 1637 1035 1690 et
1058 1627 1202 1709 Lycurgi
1213 1624 1240 1712 3)
1263 1637 1491 1710 permutentur
1499 1627 1520 1692 4.
1567 1629 1622 1693 Sic
1638 1630 1717 1694 olim
1733 1634 1847 1695 consul

454 1745 568 1809 Cicero
580 1741 700 1806 iussit⁵.
724 1741 780 1804 Sic
793 1740 961 1821 Hispanus
975 1738 1094 1801 alicubi
1108 1759 1280 1820 regnorum
1296 1759 1429 1802 suorum
1441 1739 1529 1802 lacit.
1553 1739 1686 1823 Anglus
1701 1743 1747 1806 sic
1761 1743 1848 1808 iacit.

453 1855 573 1919 Dicam
588 1856 630 1918 de
646 1853 730 1916 ferro
746 1853 779 1914 in
795 1852 893 1914 tertio
909 1849 1001 1914 libro.
1042 1849 1150 1913 Extra
1164 1849 1225 1913 hos
1241 1870 1334 1914 casus
1350 1859 1408 1913 aut
1425 1851 1506 1913 alios
1521 1852 1701 1933 singulares
1716 1855 1741 1918 si
1758 1876 1848 1920 com-

452 1967 610 2029 mercium
622 1963 808 2046 impeditur,
817 1962 941 2025 bellum
954 1961 1146 2043 suscipietur
1158 1962 1249 2026 iuste.
1273 1961 1386 2023 Etiam
1400 1962 1623 2026 Bononienses
1636 1976 1848 2047 susceperunt

452 2086 566 2141 contra
579 2076 728 2141 Uenetos
743 2073 866 2137 bellum
883 2094 926 2136 ex
941 2071 1004 2136 hac
1019 2072 1162 2136 caussa⁶.
1194 2072 1315 2149 Etiam,
1332 2093 1434 2154 quum
1450 2094 1509 2155 per
1522 2073 1610 2136 bella
1626 2075 1867 2158 impediuntur

453 2185 556 2273 (quod
575 2186 673 2249 ualde
690 2185 824 2248 solenne
840 2181 904 2269 est)
920 2185 1124 2261 commercia,
1141 2183 1298 2247 suadetur
1312 2182 1511 2248 bellantibus
1526 2206 1595 2267 pax
1610 2208 1630 2248 a
1646 2187 1849 2270 Principibus

452 2301 543 2363 aliis:
568 2309 610 2375 et,
626 2297 836 2380 impersuasis
858 2315 975 2378 pacem
997 2295 1114 2370 iacere,
1133 2294 1259 2357 bellum
1277 2295 1420 2373 infertur,
1437 2306 1473 2359 ut
1493 2297 1649 2379 exempla
1671 2301 1759 2381 apud
1782 2300 1849 2364 his-

452 2410 573 2475 toricos
588 2417 664 2473 sunt
682 2407 803 2473 bonai.
849 2405 1044 2470 Praesertim
1062 2427 1138 2470 cum
1157 2405 1213 2468 diu
1233 2415 1291 2484 est,
1308 2407 1398 2488 quod
1417 2407 1550 2473 bellant.
1597 2410 1646 2472 Ut
1664 2410 1710 2473 sic
1729 2411 1761 2472 in
1781 2412 1849 2474 iure

452 2522 610 2586 canonico
626 2522 754 2596 dicitur,
770 2519 936 2602 cogendos
951 2519 994 2582 ad
1010 2539 1126 2600 pacem
1142 2518 1290 2582 inimicos
1306 2528 1382 2601 post
1397 2518 1532 2602 longum
1549 2519 1710 2602 tempus⁸.

497 2634 625 2698 Uerum
641 2633 683 2696 de
698 2631 902 2695 commerciis
917 2631 1006 2695 satis.
1043 2631 1076 2692 N
1079 2650 1142 2692 unc
1157 2631 1200 2693 de
1215 2651 1315 2693 mare.
1358 2630 1433 2693 Hoc
1449 2639 1565 2694 natura
1580 2632 1733 2696 omnibus
1748 2643 1850 2716 patet.

453 2754 487 2810 et
506 2745 688 2808 communis
707 2743 776 2806 eius
791 2764 868 2805 usus
885 2741 1038 2805 omnibus
1056 2750 1115 2818 est,
1132 2749 1168 2803 ut
1183 2742 1295 2804 aerist
1342 2741 1419 2803 Non
1438 2741 1538 2823 igitur
1555 2742 1719 2824 prohiberi
1735 2766 1754 2806 a
1770 2767 1850 2826 quo-

454 2875 554 2941 quam
576 2863 697 2937 potest.
742 2854 872 2917 Littora
895 2853 975 2916 item
997 2871 1018 2916 a
1040 2862 1158 2915 natura
1180 2851 1331 2914 omnibus
1355 2861 1495 2916 uacant:
1527 2854 1606 2917 item
1630 2855 1738 2936 ripae:
1770 2856 1850 2918 item

454 2967 599 3046 flumina,
613 2966 676 3030 hoc
693 2975 751 3042 est,
766 2984 873 3047 aquae
888 2963 1036 3028 fluentes.

638 3142 738 3216 ‘Quid
759 3141 918 3220 prohibetis
938 3143 1049 3218 aquas?
1077 3159 1148 3200 usus
1170 3140 1335 3200 communis
1356 3160 1496 3218 aquarum
1517 3152 1569 3201 est.

639 3249 722 3308 ‘Nec
743 3249 835 3308 solem
856 3249 1006 3324 proprium
1027 3255 1139 3317 natura,
1160 3265 1215 3305 nec
1236 3265 1302 3305 aera
1323 3246 1400 3320 lecit,

639 3355 723 3414 ‘Nec
745 3364 846 3412 tenues
866 3353 976 3412 undas:
1004 3353 1043 3411 ad
1063 3352 1179 3429 publica
1200 3371 1322 3412 munera
1342 3351 1440 3412 veni:'

453 3538 561 3622 inquit
590 3535 722 3602 Latona
748 3535 876 3600 rusticis
902 3535 1023 3618 Lyciis,
1049 3535 1106 3617 qui
1132 3535 1175 3598 de
1201 3534 1293 3598 sonte
1318 3535 1430 3600 bibere
1456 3557 1529 3600 eam
1556 3537 1714 3603 uetabant
1725 3538 1757 3602 ¹⁰.
1803 3539 1848 3604 Et

455 3651 602 3714 Ilioneus
617 3649 742 3713 Didoni
758 3658 872 3713 contra
888 3647 957 3712 eius
972 3649 1070 3723 ciues,

597 3826 707 3899 ‘Quod
727 3844 820 3903 genus
841 3826 898 3885 hoc
919 3825 1093 3886 hominum?
1121 3845 1233 3904 quaeue
1254 3827 1333 3886 hunc
1355 3838 1414 3885 tam
1435 3827 1557 3886 barbara
1580 3846 1692 3887 morem

597 3933 756 3992 ‘Permittit
776 3932 888 4008 patria?
916 3931 1044 4008 hospitio
1066 3931 1254 4009 prohibemur
1276 3951 1380 3992 arenae
1391 3931 1431 3990 ¹¹!

487 4231 495 4259 ¹
513 4232 584 4280 Caes.
596 4245 620 4292 4.
633 4229 699 4278 Gall.
714 4243 752 4278 πο.
882 4225 893 4256 ⁹
908 4228 926 4277 l.
938 4244 962 4289 4.
974 4227 1004 4276 C.
1016 4226 1047 4276 de
1059 4241 1176 4276 commer.
1189 4228 1225 4289 (4.
1239 4224 1292 4289 63).
1429 4229 1438 4256 ³
1455 4225 1472 4276 l.
1487 4242 1507 4278 1.
1519 4229 1550 4278 de
1562 4245 1616 4278 con.
1628 4237 1686 4279 emt.
1702 4230 1746 4292 (D.
1762 4230 1798 4278 18.
1814 4233 1854 4291 1);

454 4314 531 4362 Arist.
544 4327 567 4376 5.
579 4312 637 4361 Eth.
648 4312 674 4370 8;
694 4326 716 4375 3.
725 4311 786 4360 Iust.
797 4325 823 4372 3;
840 4311 908 4360 Seru.
919 4323 941 4371 3.
952 4308 1026 4358 Geor.
1060 4307 1096 4357 ⁴1.
1109 4323 1129 4358 a.
1139 4310 1169 4358 C.
1178 4309 1233 4358 eod.
1266 4308 1276 4336 ⁶
1288 4308 1341 4357 Cic.
1350 4308 1408 4358 Vat.
1419 4322 1442 4370 5.
1451 4310 1494 4360 ubi
1503 4311 1568 4368 Ma.;
1586 4311 1652 4376 Scip.
1663 4314 1737 4362 Gent.
1749 4328 1760 4360 2
1772 4313 1854 4361 Parer.

488 4401 489 4408 ’
585 4393 662 4457 ‘siff
673 4393 719 4442 ult
730 4393 761 4441 de
772 4393 816 4441 Re.
829 4392 876 4442 Ita.
1261 4387 1362 4440 ⁷Treb.
1376 4392 1487 4448 Vale.6;
1504 4394 1531 4442 P.
1542 4392 1614 4442 Diae.
1626 4394 1670 4442 lib.
1684 4394 1723 4443 16.

548 4511 550 4514 -
646 4473 849 4538 ⁸c.9.dist.90.
947 4469 990 4520 ⁹l.
1005 4484 1026 4518 2.
1039 4469 1148 4532 5.dedi.
1161 4486 1194 4520 re.
1207 4470 1285 4533 (D.1.
1298 4471 1374 4534 8);l.
1388 4486 1425 4534 13.
1438 4487 1523 4538 oopr.
1538 4473 1582 4535 (D.
1595 4475 1660 4537 1.4).

618 4555 637 4585 ¹⁰
652 4555 710 4606 Oui.
721 4555 744 4604 6.
756 4555 859 4604 Metam.
870 4552 887 4601 l.
900 4553 964 4616 3483
981 4551 1076 4602 Vacon.
1090 4552 1162 4601 Decl.
1177 4565 1214 4600 11.
1375 4553 1392 4581 ¹¹
1409 4555 1479 4618 Virg.
1494 4569 1514 4604 1.
1528 4557 1590 4604 Aen.
1603 4554 1619 4603 l.
1633 4569 1687 4618 540·
