4498 5566
460 670 540 732 xviii
960 665 1362 730 PRAEFATIO.

452 921 621 996 praeterea
645 927 780 972 antenero
805 916 838 970 et
860 906 986 970 minuta
1010 906 1086 970 baec
1115 929 1178 970 uon
1207 907 1444 988 susciperentur
1464 907 1605 983 libenter,
1632 907 1691 971 uin
1711 907 1788 983 eius,
1811 905 1866 968 cni

459 1016 666 1098 offlrruntur‚
688 1020 831 1075 constare
849 1009 889 1073 a'e
913 1009 1115 1074 humanitate
1129 1021 1244 1093 posset,
1266 1021 1298 1074 et
1319 1021 1348 1074 te
1368 1033 1443 1074 uero
1462 1033 1534 1076 cnm
1547 1011 1680 1094 generis
1700 1009 1863 1092 splendore

459 1117 729 1192 illustrissimum,
756 1114 866 1178 anenno
893 1113 1009 1177 encelso
1030 1114 1364 1196 praestantissimum,
1389 1116 1511 1177 uirtute
1541 1114 1686 1178 militari
1712 1123 1746 1176 et
1770 1113 1866 1176 ciuili

459 1221 714 1298 ornatissimum,
744 1227 813 1282 tum
844 1217 944 1281 ettam
980 1217 1183 1282 humanitate
1213 1217 1480 1282 laudatissimum
1512 1219 1670 1282 nouimus.
1730 1217 1863 1298 Suscipe

459 1326 561 1409 ign'tur
583 1322 819 1405 inpraesentia
844 1322 971 1404 qualem
997 1322 1174 1386 uoluntatis
1199 1343 1287 1386 uuae
1310 1323 1436 1403 qualem
1462 1323 1752 1406 significationem:
1783 1342 1861 1385 nam

458 1429 611 1511 offeretm
631 1449 705 1491 mon
716 1427 905 1510 perfectam,
927 1425 1014 1507 quod
1030 1426 1176 1504 rnedc'tor,
1190 1436 1288 1507 opus:
1313 1425 1347 1488 in
1368 1446 1429 1507 qno
1436 1436 1569 1507 partem
1590 1426 1684 1501 iuris,
1705 1435 1744 1488 nt
1762 1424 1861 1500 uides,

460 1532 703 1610 nobilissimam,
731 1531 809 1593 aliis
838 1529 1050 1592 intractatam
1078 1540 1110 1593 et
1129 1529 1293 1611 purisque
1321 1529 1468 1592 omnibus
1497 1530 1607 1592 minus
1634 1513 1782 1611 apertam
1811 1549 1863 1592 en-

459 1657 588 1718 seqnor:
611 1655 750 1718 quaeque
771 1645 799 1697 te
815 1633 1012 1714 dignissima
1029 1644 1084 1709 est,
1093 1633 1279 1715 fortissime
1298 1654 1409 1697 comes.
1439 1633 1499 1715 qui
1510 1633 1748 1714 fortitudinem
1772 1641 1864 1695 tuam

459 1738 726 1820 scilicetAnglici
737 1739 899 1820 equitatus
918 1737 987 1802 dun
999 1759 1060 1802 non
1079 1739 1132 1802 leis
1154 1737 1438 1819 mutationisque
1458 1737 1561 1816 sociis,
1575 1737 1635 1800 sed
1652 1746 1685 1800 et
1703 1735 1864 1818 Hispanis

459 1843 611 1918 bostibus,
628 1843 663 1906 in
681 1862 816 1925 qnorum
831 1850 975 1905 conserta
990 1843 1125 1923 ogonina
1132 1841 1334 1924 peruadebas
1348 1840 1423 1904 belli
1429 1841 1562 1922 fulmen
1578 1837 1731 1928 (etpaeru
1740 1850 1826 1921 puer
1835 1837 1862 1925 t)

462 1957 626 2010 aeternnm
636 1944 790 2028 probasti.
836 1945 866 2007 A
872 1955 888 2007 t
896 1944 1053 2026 facinora
1065 1945 1290 2027 pulcherrima
1310 1943 1385 2008 baec
1408 1954 1473 2024 tna,
1488 1966 1627 2027 quaeque
1646 1944 1717 2007 edes
1736 1943 1770 2006 iu
1789 1953 1864 2024 pos-

463 2061 567 2114 terum
590 2049 744 2126 munima,
751 2048 882 2130 sacunt
900 2048 963 2112 alii
980 2048 1172 2121 clarissima,
1187 2057 1221 2110 et
1239 2049 1273 2111 in
1285 2058 1439 2130 perpetua
1461 2049 1527 2114 luce
1547 2048 1749 2112 collocabunt.
1778 2069 1800 2110 a
1816 2067 1865 2109 me

461 2155 502 2219 id
512 2155 614 2236 copies
629 2154 663 2216 in
671 2153 865 2236 praesentio,
875 2162 936 2215 out
947 2153 1045 2216 etiam
1053 2162 1174 2234 patero,
1185 2162 1224 2216 nt
1235 2174 1316 2236 qnae
1331 2153 1495 2217 monimus
1501 2163 1672 2235 poetarum
1687 2152 1865 2216 desummo

464 2259 567 2322 milite
579 2259 698 2338 cecinit,
712 2278 767 2340 ego
781 2257 820 2320 de
836 2267 865 2320 te
878 2256 933 2319 cni
944 2258 1137 2321 conueniunt
1142 2258 1248 2339 plane,
1264 2257 1342 2320 aliis
1355 2279 1470 2322 canum
1487 2258 1613 2340 igmtis.

715 2445 789 2519 Se'l
816 2446 902 2520 vedi
930 2445 1102 2520 fulminas
1128 2474 1174 2520 ne
1201 2446 1328 2521 l'arme
1355 2447 1508 2521 auuolto

717 2578 840 2652 Marte
867 2577 903 2653 lo
931 2581 1040 2664 stimi,
1070 2581 1200 2667 Amor,
1227 2607 1269 2653 se
1297 2605 1427 2674 scopre
1455 2579 1478 2650 il
1507 2578 1609 2653 uolto
1623 2582 1644 2651 ¹.

519 2769 596 2834 Vale
609 2779 642 2832 et
656 2769 766 2833 Saluo.
807 2769 906 2833 Onon.
924 2783 965 2830 111
982 2769 1098 2832 Nonas
1114 2769 1268 2846 Octobris,
1286 2783 1548 2834 M.D.Lxxxvlu.

517 2964 581 3037 Ad
599 2965 951 3038 commentationem
972 2965 1171 3037 secundam
1188 2991 1246 3036 :—

509 3131 592 3194 Ecce
614 3131 681 3210 tibi,
702 3151 803 3195 comes
824 3129 1086 3207 excellentissime,
1108 3129 1245 3193 secunda
1267 3129 1306 3192 de
1328 3130 1400 3194 iure
1423 3131 1497 3195 belli
1515 3135 1743 3209 commentatio,
1768 3153 1866 3218 quam

468 3234 542 3296 istis
559 3233 663 3316 feriis
684 3234 843 3298 dedolaui.
876 3235 1080 3317 nequeenim
1104 3243 1232 3298 tontum
1258 3256 1279 3297 a
1304 3256 1434 3296 rozunere
1459 3235 1544 3298 mibi
1567 3238 1654 3301 alias
1679 3249 1775 3301 uacat
1794 3260 1867 3301 aca-

467 3337 595 3414 demico,
617 3347 656 3400 ut
679 3337 758 3401 aliis
783 3347 942 3418 superesse
965 3337 1112 3419 operibns
1133 3337 1262 3418 possim.
1298 3337 1396 3400 immo
1422 3358 1497 3400 nero
1523 3339 1610 3420 qnod
1629 3342 1757 3404 nobam
1785 3341 1871 3404 illud

465 3441 586 3521 explere
611 3440 645 3502 in
670 3461 801 3503 summo
829 3461 939 3503 rernm
965 3441 1108 3504 omnium
1134 3441 1297 3521 angustia,
1323 3461 1404 3522 quae
1426 3462 1476 3504 me
1505 3442 1645 3524 nimione
1660 3445 1791 3524 premit,
1816 3465 1869 3508 nec

468 3553 574 3608 tanton
602 3543 687 3607 bisce
716 3543 908 3626 temporibus
935 3544 1158 3625 conquiescam,
1183 3544 1239 3607 boc
1267 3543 1301 3606 si
1320 3545 1417 3607 scires
1447 3545 1675 3623 admirareris,
1704 3558 1785 3611 certe
1813 3568 1869 3629 ego

467 3647 618 3711 admiror
641 3669 703 3710 nou
730 3647 939 3712 nudiocriter.
990 3648 1112 3711 Uerum
1135 3647 1214 3712 dcem
1243 3648 1349 3712 berois
1375 3649 1492 3730 magni
1505 3649 1632 3729 famae,
1652 3651 1744 3730 forte
1769 3653 1868 3714 etiam

465 3753 674 3833 expectationi
703 3753 782 3815 noui
809 3753 915 3816 nostri
946 3753 1132 3816 conuellorii
1167 3752 1388 3816 illustrissimi
1395 3753 1416 3832 ²,
1445 3763 1540 3835 atque
1570 3753 1753 3818 academiae
1781 3755 1868 3816 bem-

468 3857 620 3920 merentis
639 3855 786 3937 opinioni
804 3857 887 3919 satis
909 3858 994 3921 milei
1002 3856 1195 3938 faciendum
1217 3878 1283 3920 esse
1305 3857 1419 3920 uedeo:
1439 3857 1528 3940 qnod
1541 3869 1604 3939 per
1620 3858 1744 3941 ingenii
1767 3858 1869 3921 tenui·

468 3968 574 4035 tatem,
598 3959 789 4024 eruditionis
817 3961 1034 4042 exiguitatem,
1062 3961 1177 4026 borum
1207 3961 1470 4025 adinnnntornm
1494 3962 1645 4043 impiam,
1669 3963 1784 4045 quibus
1807 3961 1871 4026 olii

467 4062 554 4126 nulli
574 4063 640 4126 mei
661 4064 789 4128 ordinis
814 4065 886 4129 cerri
905 4066 1135 4140 destituuntur,
1151 4065 1265 4145 faeere
1289 4067 1353 4148 ipse
1376 4088 1438 4130 non
1457 4079 1614 4148 possum,·
1647 4067 1685 4130 id
1707 4066 1870 4131 laboribus

466 4165 629 4248 improbis,
658 4169 818 4232 constanti
845 4179 1058 4252 perpetuaque
1094 4169 1265 4250 diligentia
1300 4171 1552 4253 extorquendum
1582 4181 1637 4250 est,
1663 4171 1717 4234 uel
1745 4172 1778 4233 si
1810 4170 1870 4232 sub

468 4277 556 4334 tanto
578 4270 707 4334 totidem
729 4273 836 4335 studio
853 4273 1042 4354 satisfacere
1063 4293 1121 4349 me,
1139 4283 1171 4336 et
1189 4274 1388 4338 succumbere
1412 4296 1530 4338 necesse
1546 4275 1599 4337 sit.
1646 4275 1736 4336 Haec
1760 4281 1869 4348 tecum,

632 4485 642 4515 ¹
664 4484 772 4542 Tasso.
786 4483 895 4560 Solym.
911 4503 976 4543 can.
996 4503 1018 4542 1.
1036 4487 1084 4558 58.

630 4581 640 4613 ⁹
662 4580 731 4639 Erat
746 4581 792 4639 ille
806 4580 1030 4656 Christopherus
1046 4580 1167 4651 Hatton,
1185 4581 1235 4657 qui
1250 4591 1278 4640 et
1293 4580 1491 4641 Cancellarius
1503 4582 1629 4660 Angliae
1645 4581 1704 4640 suit.

473 4714 682 4724 ...ἡ-
