4498 5566
950 757 1152 812 ALBERICI
1180 755 1380 810 GENTILJS

1078 1149 1166 1221 Can.
1200 1149 1249 1221 X.

607 1351 654 1423 Si
676 1351 855 1446 Princeps
879 1351 1103 1446 Religionem
1129 1352 1217 1425 bello
1242 1351 1347 1448 apud
1367 1376 1450 1423 suos
1474 1353 1566 1423 iuste
1591 1361 1724 1426 tuetur.

511 1550 724 1616 CAETERUM
741 1561 775 1615 et
790 1553 833 1616 de
848 1573 888 1616 eo
906 1552 1117 1635 dispiciamus
1135 1552 1332 1636 diligentius,
1351 1556 1378 1617 si
1396 1553 1646 1618 temeratoribus
1663 1563 1813 1635 receptae
1830 1553 1863 1616 in

466 1663 598 1727 ciuitate
614 1662 779 1746 religionis
794 1649 964 1729 sermm'et
979 1664 1103 1728 bellum
1119 1665 1217 1729 liceat
1232 1665 1403 1730 intentare.
1438 1664 1527 1729 Sane
1541 1676 1653 1729 autem
1668 1665 1862 1730 uiolatarum

466 1773 658 1856 religionum
675 1775 796 1857 ubique
811 1795 952 1858 poenam
968 1776 1112 1858 aliquam
1131 1777 1229 1841 luisse
1245 1777 1469 1854 constitutam,
1485 1774 1657 1860 legimus¹.
1702 1777 1748 1840 Et
1767 1777 1863 1840 Plato

466 1886 499 1948 in
521 1895 736 1952 temeratores
754 1887 920 1971 religionis
942 1889 1048 1953 sancit
1070 1907 1213 1971 poenam
1236 1887 1386 1972 capitis2.
1432 1888 1551 1955 Uarias
1566 1887 1716 1952 sanciunt
1731 1897 1864 1952 nostrae

466 1997 556 2080 leges
565 1997 588 2061 ³.
635 1998 789 2064 Socrates
815 2000 859 2064 ob
889 1998 975 2064 hanc
1003 2020 1152 2064 caussam
1179 2010 1314 2064 necatur
1342 1999 1505 2065 Athenis:
1538 2000 1701 2082 Diagoras
1727 2000 1864 2081 proscri-

466 2108 564 2174 bitur.
587 2111 642 2175 alii
659 2111 737 2175 alibi
756 2111 946 2188 multantur,
963 2111 1151 2176 necantur⁴.
1187 2111 1242 2176 Sic
1257 2110 1430 2176 Abraham
1447 2121 1579 2176 coactus
1594 2121 1721 2175 uertere
1736 2110 1863 2176 solum:

463 2223 520 2304 qui
545 2243 644 2287 ausus
669 2224 825 2288 innouare
849 2223 1060 2306 religionem:
1098 2233 1133 2288 et
1161 2244 1181 2288 a
1209 2222 1384 2289 Chaldaeis
1414 2221 1527 2305 pulsus
1557 2242 1632 2287 cum
1662 2231 1734 2288 tota
1762 2226 1864 2288 domo

466 2334 568 2416 patris
578 2335 599 2398 ⁶.
647 2334 724 2398 Plus
740 2335 879 2417 legimus
894 2336 927 2398 in
944 2335 1098 2410 Decret0,
1114 2336 1295 2418 proiectum
1307 2332 1479 2398 Abraham
1496 2335 1529 2396 in
1545 2334 1665 2418 ignem,
1682 2344 1714 2399 et
1730 2335 1863 2401 fratrem

466 2445 578 2509 Aran:
612 2455 648 2510 ut
674 2467 773 2529 quem
800 2446 963 2512 noluerint
993 2449 1139 2526 adorare,
1167 2457 1200 2511 et
1231 2447 1419 2510 uenerando
1450 2445 1556 2509 colere
1588 2456 1864 2529 contempserunt,

465 2557 614 2621 diuinum
629 2578 750 2622 numen
765 2560 937 2623 exurendo
953 2559 1111 2623 sentirent
1121 2559 1141 2622 ⁰.
1180 2557 1281 2641 Quod
1297 2568 1331 2621 et
1345 2555 1563 2640 Augustinus,
1580 2567 1613 2622 et
1630 2557 1864 2641 Hieronymus,

466 2689 531 2732 non
558 2670 691 2752 quidem
718 2670 762 2733 de
788 2671 963 2752 scripturis,
986 2670 1044 2734 sed
1074 2673 1116 2735 de
1142 2670 1318 2734 traditione
1344 2670 1437 2734 aiunt
1464 2669 1695 2734 Hebraeorum
1704 2669 1726 2736 ⁷.
1771 2669 1865 2733 Ana·

466 2780 588 2845 charsis
606 2781 651 2845 sie
674 2781 863 2845 interiectus
884 2802 905 2844 a
929 2781 994 2844 suis
1016 2780 1200 2845 Thracibus
1223 2782 1266 2845 ob
1285 2780 1429 2846 Graecos
1452 2783 1532 2846 ritus
1555 2781 1673 2862 quibus
1700 2781 1862 2856 utebatur,

466 2891 541 2956 illuc
570 2912 717 2956 reuersus
741 2914 784 2956 ex
810 2891 947 2956 Graecia
956 2890 978 2956 ⁸.
1025 2891 1156 2956 Romae
1179 2892 1268 2956 nulla
1294 2893 1465 2976 peregrina
1489 2912 1589 2970 sacra,
1615 2891 1693 2956 inde
1717 2912 1820 2975 usque
1843 2913 1864 2957 a

465 3002 540 3086 lege
563 3002 708 3080 Romuli,
731 3023 816 3085 quae
839 3005 883 3067 de
904 3003 1083 3086 peregrinis
1107 3004 1179 3067 Diis
1202 3024 1268 3067 non
1291 3003 1437 3068 colendis
1461 3013 1494 3066 et
1512 3003 1611 3067 sacris
1629 3003 1775 3067 externis
1797 3023 1864 3067 non

466 3117 643 3198 operandis
659 3116 746 3180 cauit
762 3115 936 3199 diligenter
944 3115 966 3178 ⁹.
1012 3116 1058 3180 Et
1077 3114 1168 3180 nullo
1186 3125 1298 3180 tamen
1317 3136 1383 3179 non
1401 3115 1552 3179 inuitauit
1571 3115 1625 3178 ille
1644 3115 1677 3177 in
1695 3116 1864 3180 ciuitatem

465 3248 560 3291 suam
586 3227 809 3292 illectamento
837 3246 961 3291 omnes.
1007 3227 1052 3291 Et
1079 3227 1174 3292 multi
1196 3236 1309 3292 tamen
1332 3226 1478 3308 undique
1499 3225 1613 3309 populi
1637 3226 1671 3289 in
1695 3228 1864 3292 ciuitatem

465 3337 705 3403 confluxerunt.
765 3338 815 3402 Ut
844 3337 907 3402 hoc
937 3339 1072 3403 miratur
1101 3338 1168 3402 fieri
1198 3339 1353 3421 potuisse,
1383 3357 1443 3402 nec
1480 3337 1667 3420 irrepserint
1704 3359 1779 3402 cum
1811 3345 1864 3403 tot

465 3451 644 3534 peregrinis
663 3450 835 3532 religiones
854 3450 1031 3514 eorundem
1054 3451 1252 3533 peregrinae,
1269 3459 1369 3533 atque
1383 3448 1505 3528 laudat,
1521 3449 1701 3531 Dionysius
1713 3447 1763 3518 ¹⁰..
1792 3449 1863 3513 Au-

464 3570 581 3644 gustus
599 3562 645 3626 sic
664 3562 764 3626 coluit
783 3571 909 3627 ueteres
933 3571 1165 3644 receptasque:
1191 3570 1223 3626 et
1246 3582 1349 3625 nouas
1368 3581 1433 3624 non
1454 3561 1538 3639 tulit,
1557 3570 1614 3624 aut
1632 3563 1820 3643 peregrinas
1830 3559 1862 3625 ¹¹.

466 3673 512 3738 Et
538 3673 691 3738 Tiberius
717 3695 836 3738 saeuus
861 3674 961 3737 etiam
985 3674 1160 3737 aduersum
1188 3684 1342 3737 externas
1369 3674 1580 3750 ceremonias,
1605 3682 1638 3736 et
1663 3672 1863 3756 Aegyptios,

465 3796 498 3851 et
515 3786 667 3850 Iudaicos
683 3787 773 3849 ritus.
819 3784 887 3850 Sed
904 3784 1133 3868 exemplorum
1149 3786 1317 3850 hactenus.
1359 3786 1420 3850 Ait
1435 3806 1514 3849 uero
1531 3784 1693 3848 Iohannes
1709 3783 1863 3863 Bodinus,

463 3900 553 3982 quod
583 3897 787 3981 legislatores
815 3917 940 3975 omnes,
972 3897 1072 3962 fidem
1103 3897 1309 3961 subditorum
1342 3898 1375 3959 in
1409 3896 1575 3978 Principes
1607 3894 1650 3959 ab
1684 3895 1863 3959 eorundem

464 4011 670 4076 subditorum
687 4010 842 4094 religione
858 4011 1012 4093 pendere,
1029 4009 1222 4084 censuerint,
1239 4029 1304 4073 una
1323 4019 1356 4073 et
1375 4007 1566 4091 Philosophi
1576 4005 1610 4071 ¹².
1655 4008 1701 4071 Et
1720 4007 1766 4071 ita
1784 4027 1864 4071 sane

465 4123 641 4188 Maecenas
658 4124 784 4187 monuit
799 4122 1001 4206 Augustum,
1018 4131 1055 4185 ut
1070 4122 1113 4185 ad
1130 4131 1296 4203 receptam
1313 4141 1403 4184 more
1418 4121 1525 4202 patrio
1541 4120 1733 4203 religionem
1749 4137 1863 4183 omnes

592 4347 602 4376 ¹
617 4349 674 4398 Sen.
688 4362 709 4408 3.
722 4347 753 4397 de
765 4346 848 4396 Benes.
947 4343 957 4373 ²
973 4345 1027 4395 Pla.
1041 4360 1079 4395 10.
1091 4345 1122 4394 de
1134 4344 1204 4409 Legi.
1218 4348 1254 4410 (p.
1266 4344 1336 4409 908).
1431 4344 1441 4373 ⁸
1458 4343 1487 4396 C.
1500 4343 1531 4393 de
1541 4344 1634 4395 ha'eret.
1647 4347 1682 4408 (1.
1696 4345 1732 4406 5).

465 4431 474 4460 ⁴
492 4429 553 4480 Iust.
567 4443 589 4480 1.
601 4430 692 4497 Apol.;
711 4429 774 4480 Iose.
786 4444 806 4480 1.
819 4431 884 4494 Ap.;
901 4429 956 4479 Cic.
967 4442 988 4477 1.
1000 4428 1031 4476 de
1043 4428 1103 4476 Nat.
1115 4427 1192 4478 Deor.
1206 4441 1250 4489 ης
1268 4428 1322 4477 Plu.
1335 4427 1391 4477 Nic.
1457 4427 1467 4458 ³
1485 4427 1549 4478 lose.
1564 4439 1585 4475 1.
1598 4426 1657 4476 Ant.
1672 4437 1697 4489 73
1714 4425 1828 4476 Iudithae
1840 4439 1864 4490 5.

528 4513 729 4579 ⁸c.1.35.q.1.
794 4510 1158 4576 ²A.Gen.q.25;H.c.11.
1225 4507 1483 4574 'Herodo.4.c.76.
1549 4507 1796 4572 ⁹Manut.de1.egi.

568 4595 586 4626 ¹⁰
603 4596 707 4660 Dionys.
723 4610 744 4646 2.
757 4594 844 4660 Antiq.
859 4609 896 4659 19.
979 4593 996 4622 ¹¹
1012 4592 1069 4645 Sue.
1081 4595 1148 4657 Aug.
1159 4607 1192 4659 93
1200 4610 1207 4656 ;
1224 4594 1284 4644 Dio.
1297 4607 1336 4656 53.
1349 4608 1388 4658 54.
1470 4593 1489 4622 ¹²
1505 4593 1568 4644 Bod.
1580 4610 1604 4657 4.
1616 4593 1647 4643 de
1659 4594 1722 4657 Rep.
1736 4601 1758 4656 7.
1787 4582 1790 4589 ’
