4498 5566
716 818 777 870 oa
805 817 910 872 runs
939 815 1073 884 sarrs,
1103 813 1229 884 11111,
1262 816 1349 871 cna
1372 816 1416 870 11.
1726 825 1763 874 11

362 1075 476 1140 gerere
498 1054 632 1134 bellum,
648 1057 681 1120 id
697 1055 813 1140 utique
829 1055 989 1138 ignauiae,
1005 1077 1071 1120 non
1092 1055 1170 1119 belli
1190 1063 1249 1121 est.
1279 1064 1317 1121 ut
1339 1053 1372 1120 in
1397 1057 1601 1139 Panegyrico
1620 1058 1767 1140 quodam

362 1169 449 1232 bene
471 1167 611 1250 legimus
620 1165 641 1232 ¹.
671 1177 706 1231 et
724 1168 833 1231 uerbis
854 1187 966 1250 gerere
985 1169 1134 1250 ineptum
1151 1177 1210 1233 est.
1241 1175 1279 1233 ut
1298 1167 1361 1233 hoc
1384 1171 1518 1233 nomine
1540 1178 1635 1233 notat
1651 1166 1767 1233 Liuius

363 1278 517 1359 Graecos,
533 1289 567 1344 et
587 1299 743 1364 expresse
758 1277 982 1345 Athenienses
992 1279 1014 1345 ².
1044 1298 1144 1363 quam
1168 1280 1337 1344 ciuitatem
1360 1280 1543 1364 linguatam
1563 1290 1596 1345 et
1612 1281 1767 1346 Tertulli·

362 1411 445 1456 anus
468 1391 616 1476 appellat
625 1392 648 1458 ³.
678 1402 712 1457 et
731 1393 891 1470 hiantum,
909 1403 943 1457 et
964 1401 1162 1476 nugatorum
1184 1391 1423 1476 appellitatam,
1438 1393 1493 1456 alii
1516 1402 1658 1458 narrant.
1704 1393 1768 1458 Est

362 1505 448 1569 forte
463 1502 587 1568 bellum
604 1513 662 1568 aut
676 1524 697 1567 a
713 1503 840 1569 Graeco
850 1503 988 1584 βάλλειν,
1003 1525 1023 1568 a
1038 1523 1104 1588 quo
1120 1511 1153 1568 et
1168 1503 1282 1582 βέλοςε
1302 1503 1401 1587 quod,
1417 1513 1454 1568 ut
1469 1505 1552 1584 dic0,
1565 1526 1615 1570 res
1631 1507 1664 1570 in
1679 1507 1767 1572 bello

362 1617 487 1699 geritur
502 1615 610 1694 armis,
626 1624 659 1679 et
674 1615 748 1679 telis
758 1614 782 1680 ⁴.
812 1615 845 1679 ui
865 1617 990 1700 geritur
1012 1634 1071 1693 res,
1088 1622 1122 1679 et
1144 1609 1248 1679 ferro:
1272 1624 1309 1681 ut
1324 1616 1495 1700 inquiebat
1512 1617 1670 1681 Ennius⁶.
1701 1618 1767 1682 At·

364 1747 430 1811 que
453 1727 557 1791 multa
580 1728 657 1791 licet
678 1727 710 1790 in
726 1727 822 1792 bellis
837 1725 1053 1792 conficiantur
1068 1728 1138 1790 sine
1153 1726 1261 1806 armiS,
1277 1748 1343 1792 non
1366 1739 1479 1792 tamen
1501 1729 1627 1812 absque
1650 1739 1766 1813 paratu

364 1859 531 1903 armorum
548 1849 599 1904 est
613 1839 738 1903 bellum
754 1840 866 1904 ullibi:
890 1846 924 1903 et
940 1838 1019 1903 nihil
1043 1840 1076 1903 in
1092 1837 1181 1902 bello
1203 1847 1262 1916 est,
1277 1841 1367 1923 quod
1388 1840 1450 1904 sub
1472 1841 1636 1924 praesidio
1659 1861 1767 1905 armo-

365 1971 437 2015 rum
454 1972 520 2016 non
536 1951 649 2030 lateat,
665 1961 698 2016 et
713 1953 757 2016 ad
771 1972 864 2016 arma
880 1971 946 2015 non
963 1946 1131 2016 reseratur.

410 2065 509 2129 Porro
524 2073 637 2128 autem
657 2074 690 2128 et
706 2064 837 2146 publica
853 2065 896 2129 sit
911 2065 1081 2129 contentio
1096 2074 1237 2147 oportet.
1262 2085 1369 2148 neque
1381 2065 1470 2128 enim
1482 2066 1606 2130 bellum
1623 2075 1674 2131 est
1685 2066 1767 2144 rixa,

366 2193 485 2259 pugna,
499 2175 668 2240 inimicitia
681 2175 893 2258 priuatorum.
918 2175 964 2239 Et
977 2173 1109 2259 publica
1121 2196 1193 2239 esse
1204 2196 1297 2240 arma
1308 2177 1461 2259 utrinque
1474 2177 1607 2242 debent.
1632 2178 1768 2243 Etenim

366 2305 411 2350 ex
426 2306 466 2349 eo
481 2285 606 2350 bellum
621 2285 747 2351 dictum
764 2295 823 2364 est,
835 2286 925 2368 quod
938 2286 1024 2349 inter
1034 2286 1117 2350 duas
1134 2296 1244 2370 partes
1255 2285 1411 2370 aequales
1426 2288 1469 2350 de
1483 2288 1620 2352 victoria
1632 2297 1768 2353 conten·

366 2399 463 2476 ditur,
474 2407 508 2462 et
518 2397 664 2462 duellum
676 2419 696 2462 a
706 2397 866 2482 principio
876 2406 1050 2481 propterea
1059 2399 1323 2464 nominabatur⁰:
1339 2399 1487 2464 ‘Graecia
1496 2400 1667 2465 barbariae
1677 2402 1768 2465 lento

366 2514 375 2543 ‘
390 2510 504 2576 collisa
520 2509 648 2576 duello!
671 2505 717 2575 Et
732 2511 820 2592 apud
838 2509 971 2573 Liuium
983 2511 1026 2574 de
1041 2510 1144 2592 raptis
1159 2511 1264 2590 rebus,
1281 2518 1389 2596 ‘puro,
1402 2511 1525 2596 pioque
1540 2509 1652 2578 duello
1667 2533 1768 2596 quae-

366 2627 374 2654 ‘
390 2625 509 2688 rendas
525 2623 678 2688 censeo⁷.’
716 2622 762 2687 Et
778 2622 994 2706 perduellum,
1009 2631 1043 2687 et
1059 2621 1193 2700 duelles,
1208 2623 1467 2707 perduellesque,
1479 2625 1535 2707 qui
1552 2645 1639 2689 nunc
1655 2626 1768 2690 hostes

363 2744 606 2819 nuncupantur.
651 2735 768 2800 Hostis
782 2734 1006 2818 appellatione
1020 2734 1209 2817 peregrinus
1224 2735 1478 2818 significabatur,
1495 2736 1551 2818 qui
1572 2757 1680 2819 aequo
1699 2737 1768 2801 iure

365 2869 442 2912 cum
462 2847 623 2912 Romanis
646 2857 741 2912 esset.
788 2847 924 2911 Hostire
942 2843 1067 2910 scilicet
1089 2854 1140 2909 est
1159 2867 1310 2930 aequare,
1326 2848 1414 2911 unde
1437 2847 1628 2926 redhostire,
1650 2849 1768 2914 referre

363 2961 525 3045 gratiam:
548 2960 796 3038 hostimentum,
819 2959 970 3044 pensatio
991 2959 1163 3024 beneficii:
1187 2959 1370 3025 hostorium
1393 2960 1527 3045 lignum,
1548 2982 1614 3044 quo
1638 2963 1769 3027 modius

363 3083 534 3156 aequatur.
561 3071 674 3156 itaque
696 3073 809 3152 hostis,
825 3093 892 3156 quo
908 3091 983 3136 cum
999 3071 1123 3155 geritur
1137 3071 1270 3150 bellum,
1287 3081 1320 3136 et
1343 3072 1399 3156 qui
1421 3073 1568 3156 aequalis
1591 3074 1686 3138 alteri
1709 3085 1767 3140 est

362 3185 457 3252 Belle
480 3186 566 3270 Syri,
588 3187 646 3250 ubi
668 3184 795 3250 domini
817 3185 928 3264 uerba,
954 3185 1044 3266 ‘quis
1069 3203 1130 3247 rex
1155 3180 1189 3247 in
1215 3183 1340 3248 bellum
1371 3184 1588 3268 proficiscitur
1611 3187 1769 3252 aduersus

365 3307 373 3336 ⁶
389 3319 500 3382 regem
516 3299 674 3376 alterum,'
690 3300 737 3364 sic
752 3297 962 3375 transferunt,
977 3296 1152 3360 ‘aduersus
1165 3315 1276 3378 regem
1288 3297 1414 3361 socium
1424 3295 1437 3334 ⁸
1449 3294 1472 3376 ;'
1489 3306 1522 3361 et
1538 3297 1635 3362 istam
1648 3319 1768 3382 aequa-

363 3411 492 3476 litatem
516 3411 711 3494 significant,
734 3421 772 3475 ut
794 3411 864 3474 eius
886 3408 1019 3491 linguae
1046 3409 1141 3490 periti
1164 3409 1376 3475 adnotarunt.
1421 3410 1467 3475 Et
1489 3410 1589 3493 igitur
1613 3431 1660 3490 ea,
1683 3431 1769 3494 quae

364 3533 442 3609 post
471 3533 620 3589 nostram
645 3523 776 3607 prodiit,
805 3520 963 3599 definitio,
991 3520 1131 3583 ‘bellum
1161 3528 1212 3585 est
1241 3519 1300 3600 uis,
1327 3530 1362 3585 et
1390 3540 1483 3585 arma
1512 3522 1546 3586 in
1576 3521 1769 3607 Principem,

364 3639 447 3702 ‘aut
461 3636 621 3720 populum
640 3633 823 3714 alienum⁹,'
840 3653 884 3697 ex
903 3633 967 3697 hoc
982 3631 1150 3708 refutatur,
1167 3632 1257 3715 quod
1274 3633 1375 3697 etiam
1391 3633 1603 3717 priuatorum,
1619 3645 1654 3700 et
1670 3634 1770 3700 latro·

366 3769 445 3813 num
472 3750 542 3813 uim
567 3747 647 3813 iacit
670 3748 804 3812 bellum.
861 3746 929 3811 Sed
954 3756 989 3810 et
1013 3767 1057 3809 ex
1080 3767 1120 3809 eo
1143 3745 1257 3827 inepta
1279 3755 1338 3824 est,
1362 3746 1454 3829 quod
1477 3748 1520 3812 de
1542 3747 1666 3813 iustitia
1689 3748 1769 3813 nihil

362 3853 468 3926 notat.
513 3858 605 3924 Nihil
628 3858 703 3922 dico
723 3857 830 3922 otiosa
849 3858 960 3921 uerba.
1006 3857 1110 3922 Addo
1133 3857 1175 3920 ad
1198 3866 1311 3921 nostra
1326 3856 1370 3920 de
1389 3857 1492 3937 hoste,
1509 3860 1599 3942 quod
1622 3869 1656 3924 et
1677 3858 1769 3923 molli

361 3971 426 4036 ista
455 3969 686 4054 appellatione,
711 3989 778 4052 qua
805 3966 995 4052 peregrinus
1020 3965 1275 4049 significabatur,
1305 3966 1471 4032 uoluerint
1498 3979 1626 4034 ueteres
1651 3969 1769 4034 aduer-

364 4196 493 4274 bantur,
520 4193 577 4277 qui
603 4192 715 4258 hostes
742 4198 843 4256 erant.
899 4189 946 4254 Et
976 4190 1110 4272 quidem
1141 4189 1243 4254 etiam
1273 4190 1363 4273 apud
1398 4189 1542 4256 Graecos
1574 4192 1693 4257 alicubi
1724 4194 1770 4257 ita

462 4409 470 4442 ¹
488 4409 551 4460 Nau.
563 4406 596 4458 ad
608 4407 696 4458 Const.
708 4423 728 4458 a
738 4421 776 4457 ιο.
898 4405 909 4436 ²
924 4405 980 4458 Liu.
991 4405 1036 4456 lib.
1048 4419 1088 4469 31·
1100 4421 1122 4456 c.
1134 4421 1174 4470 ⁴4
1294 4405 1304 4435 ¹
1321 4405 1389 4455 Text.
1397 4405 1496 4460 deAni.
1507 4424 1529 4459 c.
1543 4424 1572 4473 3;
1588 4408 1672 4460 Suida.

593 4488 693 4541 ‘Coun
706 4506 730 4556 9.
741 4505 806 4541 com
817 4505 840 4542 c.
854 4503 877 4554 5.
888 4489 921 4540 ad
932 4488 986 4540 init.
1202 4487 1286 4540 ⁸cic.
1297 4503 1344 4554 pro
1356 4488 1423 4539 Mur.
1434 4505 1456 4541 c.
1470 4502 1508 4556 14.

392 4576 485 4626 ‘Varn
497 4573 521 4624 6.
533 4573 565 4624 de
577 4573 633 4623 Liu.
646 4573 702 4626 Lat.
713 4589 734 4624 c„
745 4587 773 4636 3;
790 4572 844 4624 Cic.
857 4572 928 4623 Orat.
940 4588 962 4623 c„
974 4583 1021 4637 45:
1038 4570 1101 4622 Pris.
1113 4586 1176 4622 vers.
1187 4587 1242 4623 aen.
1254 4587 1274 4622 e
1287 4586 1317 4638 9;
1335 4571 1393 4623 Alc.
1404 4571 1435 4623 de
1447 4571 1499 4624 Sin.
1511 4573 1567 4626 Cer.
1578 4591 1600 4627 e
1611 4587 1640 4633 1;
1657 4574 1675 4628 l.
1686 4589 1741 4641 ²34·
1832 4627 1836 4632 ,

561 4655 633 4708 dell.
644 4656 670 4708 S.
683 4656 727 4720 (D.
741 4671 781 4722 50.
794 4655 832 4721 16)
845 4655 916 4708 Glos.
1063 4653 1074 4684 ⁷
1092 4654 1157 4704 Hor.
1169 4654 1216 4723 Ep.
1228 4668 1249 4706 1.
1263 4669 1285 4704 a.
1299 4665 1324 4720 73
1342 4653 1398 4706 Liu.
1410 4655 1487 4706 lib.1.
1499 4672 1521 4710 o
1534 4671 1574 4722 32.

465 4741 475 4772 ⁸
491 4741 550 4791 Luc.
564 4753 602 4804 14.
614 4756 638 4790 v.
650 4753 689 4804 31.
886 4738 897 4770 ⁹
914 4738 982 4806 Lips.
994 4750 1008 4801 5
1022 4737 1097 4789 Pollt.
1109 4753 1131 4790 c.
1143 4753 1168 4803 3.
1365 4737 1386 4770 ¹⁶
1395 4739 1484 4790 Ambr.
1495 4753 1516 4792 1.
1527 4741 1558 4792 de
1569 4739 1618 4793 off.
1633 4757 1672 4808 ²9·

1039 4950 1095 5001 C2
