4522 5570
726 746 786 799 DE
814 746 918 800 IURE
947 746 1080 818 BELLI,
1109 748 1187 803 LIB.
1212 749 1235 817 J,
1267 749 1355 804 CAP.
1377 749 1463 805 XIX.
1751 742 1789 804 81

395 987 576 1052 defendant
599 1010 635 1052 se
662 1009 737 1052 cum
764 989 991 1053 instrumentis
1009 991 1146 1068 eisdem,
1169 991 1197 1054 si
1220 992 1265 1054 sic
1288 1013 1323 1056 se
1346 993 1524 1058 defendere
1545 992 1724 1076 possuntl:
1759 1003 1794 1058 et

396 1109 432 1162 ut
449 1119 518 1163 rem
536 1120 631 1162 suam
652 1121 718 1164 non
740 1111 932 1183 recuperent
951 1103 1147 1166 auctoritate
1170 1103 1310 1186 propria,
1326 1105 1427 1167 etiam
1450 1105 1557 1170 illico:
1588 1115 1622 1170 et
1640 1107 1673 1170 id
1689 1126 1794 1188 genus

395 1210 468 1289 alia,
495 1232 579 1294 quae
605 1212 651 1276 sic
677 1212 858 1277 uindictam
885 1223 1017 1296 negant,
1044 1215 1269 1278 defensionem
1295 1215 1400 1280 solam
1427 1219 1612 1282 concedunt
1638 1218 1794 1300 priuatis:

396 1342 547 1404 quaeque
570 1323 709 1405 publicis
731 1326 879 1407 personis
901 1335 980 1408 apta
1000 1325 1122 1389 dixerit
1141 1346 1248 1401 nemo,
1266 1334 1299 1390 et
1317 1326 1422 1391 bellis.
1467 1327 1543 1393 Iure
1561 1337 1697 1392 naturae
1713 1329 1795 1392 ultio
1892 1411 1894 1416 Ι

394 1437 555 1518 permissa
584 1437 719 1501 iniuriae
749 1447 807 1502 est.
840 1440 901 1502 etsi
930 1439 994 1502 hoc
1024 1439 1218 1520 permissum
1246 1439 1315 1502 iure
1345 1437 1433 1502 ciuili
1460 1458 1526 1502 non
1552 1449 1611 1504 est.
1642 1448 1679 1503 ut
1708 1441 1795 1504 bene

394 1549 495 1614 tradit
518 1549 570 1612 Fr.
595 1549 782 1613 conanus2.
828 1549 890 1614 Est
910 1559 1023 1614 autem
1046 1551 1127 1614 illud
1147 1559 1388 1632 argumentum,
1411 1550 1501 1632 quod
1525 1560 1558 1615 et
1580 1551 1795 1615 iustissimum

395 1661 446 1739 sit,
469 1661 587 1743 punire
609 1670 773 1739 nocentes,
797 1662 846 1725 ius
868 1682 963 1725 suum
987 1662 1107 1727 ulcisci.
1152 1661 1269 1745 Atque
1289 1663 1412 1728 iustum
1435 1664 1478 1727 sit
1501 1671 1680 1744 utrumque
1702 1662 1796 1726 Prin-

395 1773 514 1854 cipum,
532 1773 651 1855 quibus
674 1773 885 1855 magistratus
908 1794 975 1836 non
996 1782 1083 1838 sunt.
1129 1773 1422 1857 Quemadmodum
1446 1783 1480 1838 et
1498 1775 1711 1856 priuatorum,
1729 1773 1794 1836 sin·

394 1883 546 1966 gulorum
565 1893 644 1960 erat,
662 1904 764 1966 quum
783 1885 994 1966 magistratus
1013 1905 1078 1949 non
1102 1895 1229 1950 essent:
1261 1894 1294 1949 et
1312 1884 1374 1950 erit
1391 1906 1529 1968 semper,
1548 1907 1651 1968 quum
1673 1885 1795 1966 magis-

395 2005 501 2060 tratus
517 2016 583 2060 non
599 2004 702 2074 erunt,
719 2016 785 2060 non
800 1997 949 2060 aderunt.
994 1997 1041 2060 Et
1058 1997 1139 2060 haec
1155 2017 1232 2060 uera
1247 2005 1325 2060 sunt
1342 1997 1442 2061 etiarn
1461 1997 1494 2059 in
1513 1998 1636 2060 caussis
1653 1995 1795 2060 honoris.

396 2108 447 2172 Ut
465 2107 552 2171 enim
568 2109 751 2171 sententiae
770 2109 904 2185 uarient,
922 2109 948 2170 si
967 2109 1010 2171 ad
1028 2107 1187 2170 honorem
1203 2110 1364 2171 tuendum
1379 2109 1477 2173 liceat
1500 2111 1533 2171 in
1553 2107 1699 2172 duellum
1720 2128 1797 2190 pro-

396 2241 533 2284 uocare:
557 2229 591 2284 et
613 2221 723 2302 plures
746 2221 940 2284 concludere
963 2221 1124 2297 uidentur,
1140 2241 1205 2283 non
1230 2218 1345 2297 licere3
1369 2221 1447 2302 quia
1464 2221 1551 2283 adsit
1574 2219 1796 2301 magistratus,

395 2352 454 2414 per
469 2352 567 2413 quem
584 2351 624 2394 ea
639 2331 697 2394 fiat
712 2331 816 2395 tuitio
861 2331 989 2394 Tamen
1013 2351 1073 2394 nec
1096 2331 1130 2395 in
1154 2331 1356 2413 Principibus
1374 2352 1412 2395 ac
1433 2331 1529 2395 bellis
1547 2331 1736 2412 responderi
1760 2330 1795 2394 id

397 2443 497 2520 ualet.
551 2443 598 2507 Et
623 2444 753 2526 priuato
780 2444 880 2506 etiarn
903 2445 1109 2516 concedetur,
1133 2441 1217 2506 sicut
1239 2443 1384 2524 corporis
1407 2463 1581 2525 rerumque
1602 2441 1795 2524 propulsare

396 2554 556 2634 iniuriam,
579 2555 627 2619 ita
649 2556 750 2618 etiam
773 2555 1036 2629 existimationis,
1055 2574 1094 2618 ac
1116 2552 1235 2617 lamae.
1281 2554 1394 2636 Finge,
1415 2554 1558 2637 aliquem
1582 2553 1668 2616 uelle
1690 2553 1796 2616 famo-

395 2688 470 2730 sum
493 2667 591 2731 edere
613 2667 646 2730 in
669 2676 704 2731 te
726 2666 894 2744 libellum;
922 2675 956 2730 et
979 2686 1045 2730 non
1068 2686 1140 2729 esse
1163 2665 1294 2747 copiam
1317 2665 1540 2746 magistratus.
1585 2665 1796 2746 Responde0,

396 2779 456 2842 tibi
479 2779 530 2841 lus
553 2779 674 2843 esseni
698 2787 731 2843 et
753 2778 852 2841 armis
874 2797 983 2842 arcere
1006 2776 1250 2841 contumeliam.
1295 2773 1454 2853 Crudelis,
1475 2776 1531 2856 qui
1554 2774 1679 2838 famam
1701 2794 1796 2836 suam

397 2887 544 2970 negligit.
599 2886 684 2951 Cum
708 2887 874 2951 sexcentis
896 2887 977 2951 aliis.
1022 2884 1123 2968 Quod
1146 2886 1173 2948 si
1196 2886 1261 2950 iam
1280 2885 1388 2948 editus
1412 2882 1541 2948 libellus
1561 2883 1613 2960 sit,
1631 2882 1712 2946 nihil
1735 2881 1796 2945 tibi

396 2999 527 3081 priuato
550 3008 707 3082 superest,
726 3000 787 3062 nisi
810 3000 972 3081 idemque,
990 2998 1079 3081 quod
1106 2996 1195 3062 laeso
1218 2998 1285 3060 iam
1311 2997 1344 3059 in
1371 3015 1514 3078 corpore,
1537 2995 1571 3058 in
1598 2994 1703 3058 rebus.
1750 2993 1797 3056 Et

396 3133 492 3195 pares
513 3111 548 3175 hi
566 3133 660 3178 casus
679 3132 817 3195 semper.
864 3111 933 3176 Sed
953 3111 1086 3193 quando
1104 3109 1315 3174 imminutum
1334 3109 1428 3173 nobis
1446 3109 1555 3174 dicere
1577 3108 1627 3170 ius
1647 3115 1796 3169 nostrum

397 3221 568 3286 ualemus?
595 3233 654 3288 aut
677 3232 845 3306 patratum
867 3223 991 3305 aliquid
1015 3221 1104 3286 bello
1127 3223 1265 3304 dignum
1287 3222 1331 3285 ab
1352 3221 1404 3285 his
1427 3229 1542 3284 contra
1564 3239 1648 3300 quos
1671 3218 1796 3281 bellum

397 3355 531 3399 mouere
554 3336 649 3400 nobis
671 3337 705 3399 in
729 3337 840 3400 animo
867 3333 939 3400 est?
984 3334 1142 3398 Adhibeo
1165 3335 1283 3398 iterum
1305 3355 1380 3398 eam
1404 3332 1642 3415 inspectionem
1666 3349 1798 3393 caussa-

396 3466 478 3524 rum,
505 3447 700 3526 diuinarum,
723 3446 932 3524 naturalium,
958 3447 1185 3512 humanarum.
1241 3446 1293 3509 De
1320 3445 1439 3509 diuinis
1466 3453 1579 3508 autem
1607 3441 1797 3525 expositum

400 3567 449 3622 est
468 3558 554 3624 satis.
600 3560 706 3641 Igitur
724 3560 767 3624 ad
789 3559 954 3625 naturales
973 3559 1178 3643 pergendum
1197 3567 1256 3622 est.

978 3905 1067 3978 Cn.
1084 3903 1217 4012 xlx.

689 4109 750 4183 De
772 4106 1013 4184 naturalibus
1036 4106 1173 4179 caussis
1198 4101 1284 4177 belli
1306 4100 1499 4199 inserendi.

442 4312 581 4389 ATQUE
610 4311 663 4375 hic
690 4333 711 4376 a
737 4321 854 4375 natura
879 4309 1004 4374 bellum
1031 4309 1166 4386 dicetur,
1183 4308 1210 4371 si
1230 4315 1366 4390 propter
1392 4304 1425 4368 id
1452 4302 1634 4384 suscipitur,
1661 4301 1749 4383 quod
1777 4320 1798 4362 a

398 4433 516 4490 natura
533 4423 694 4498 tribuitur,
711 4434 745 4489 et
762 4423 804 4487 ab
823 4421 1012 4486 hominibus
1030 4421 1219 4502 denegatur.
1266 4416 1470 4498 Exemplum
1489 4423 1601 4478 autem
1620 4414 1671 4490 sit,
1689 4412 1715 4473 si
1735 4411 1798 4474 iter

549 4643 558 4672 ¹
572 4643 645 4694 Alex.
661 4656 684 4692 1.
695 4659 764 4694 cons.
778 4641 816 4706 7⁶.
830 4639 882 4690 ubi.
895 4638 973 4696 Mol.;
991 4643 1016 4689 et
1030 4651 1084 4703 190.
1099 4651 1121 4700 3.
1136 4651 1173 4702 14
1187 4646 1208 4701 7.
1223 4651 1277 4701 119.
1412 4633 1422 4662 ²
1438 4634 1502 4684 Con.
1516 4646 1537 4681 1.
1549 4647 1612 4681 com.
1626 4629 1648 4681 6.

400 4757 1797 4786 ...-.-............-.-..-----——-—-—--·-—----

1089 4839 1116 4885 M
