4498 5566
737 733 798 786 DE
826 733 930 789 IURE
958 733 1093 803 BELLI,
1122 735 1202 792 LIB.
1225 735 1249 803 J,
1281 735 1370 793 CAP.
1398 737 1429 794 V.
1738 741 1780 813 25

379 973 539 1056 qualitate
561 974 706 1040 uirorum
729 996 767 1040 ac
790 977 944 1056 nauium;
975 977 1035 1040 sed
1058 996 1118 1059 per
1139 975 1260 1053 literas
1279 999 1362 1061 quas
1379 979 1464 1062 regis
1482 980 1533 1042 sui
1551 979 1780 1057 ostendebant,

379 1086 431 1148 cui
454 1085 522 1168 regi
544 1088 739 1164 seruiebant‚
763 1109 830 1152 non
853 1087 1013 1168 Antoni0,
1036 1090 1097 1153 etsi
1129 1090 1276 1154 maxime
1305 1110 1365 1173 pro
1388 1090 1549 1156 Antonio.
1594 1091 1684 1174 quod
1707 1088 1781 1155 illos

381 1216 447 1260 non
461 1197 630 1280 tangebat.

972 1457 1089 1548 ,Can
1118 1457 1164 1532 V.

865 1658 975 1732 Bella
999 1659 1093 1732 iuste
1108 1669 1309 1757 geruntur.

425 1857 540 1922 NUNC
562 1858 605 1923 de
627 1858 753 1924 iustitia
766 1869 943 1944 quaeratur
964 1863 1118 1945 primum,
1133 1864 1161 1928 si
1184 1863 1308 1928 bellum
1331 1882 1444 1947 gerere
1466 1863 1553 1928 licet.
1598 1859 1734 1927 Etenim
1754 1861 1782 1926 si

380 1967 573 2046 belluarum,
593 1979 630 2035 ut
650 1971 757 2054 inquit
775 1973 899 2050 Cicero,
914 1981 965 2038 est
983 1973 1126 2040 bellum:
1149 1985 1250 2059 atque
1271 1976 1317 2040 ita
1335 1995 1456 2040 nomen
1474 1975 1574 2039 habet
1590 1971 1782 2039 abelluis¹:

381 2080 484 2145 uideri
502 2102 582 2146 sane
603 2092 723 2166 potest,
745 2083 869 2149 bellum
891 2086 1042 2150 homines
1065 2107 1133 2151 non
1155 2089 1281 2152 decere.
1336 2085 1429 2151 Audi
1454 2085 1625 2165 Senecam,
1644 2084 1783 2150 ‘Homi-

381 2193 490 2257 ‘cidia
510 2195 757 2278 compescimus,
775 2205 809 2261 et
831 2197 978 2280 singulas
1000 2197 1136 2262 caedes:
1159 2197 1238 2280 quid
1259 2195 1354 2275 bella,
1373 2205 1407 2261 et
1430 2198 1610 2261 occisarum
1633 2196 1784 2280 gentium

382 2303 583 2386 ‘gloriosum
605 2306 732 2371 scelus?
777 2308 855 2372 Non
874 2308 1020 2386 auaritia,
1036 2328 1103 2372 non
1126 2307 1301 2373 crudelitas
1324 2308 1461 2371 modum
1484 2308 1585 2372 nouit.
1630 2329 1675 2372 ex
1691 2306 1726 2372 S.
1744 2305 1782 2371 C.

383 2417 578 2501 ‘plebisque
607 2419 698 2484 scitis
727 2441 825 2486 saeua
852 2428 1053 2497 exercentur,
1078 2428 1112 2483 et
1138 2419 1268 2504 publice
1297 2419 1457 2493 iubentur,
1484 2421 1589 2484 uetita
1618 2418 1783 2502 priuatim.

383 2527 502 2611 ‘Quae
525 2531 701 2595 commissa
723 2532 831 2615 capite
855 2531 991 2606 luerent,
1015 2540 1097 2605 tum,
1120 2531 1199 2614 quia
1223 2529 1373 2613 paludati
1396 2531 1555 2607 iecerunt,
1577 2529 1750 2594 laudamus
1759 2527 1782 2590 2.

383 2641 486 2704 ‘Non
508 2643 611 2725 pudet
633 2643 793 2721 homines,
812 2642 1022 2707 mitissimum
1044 2662 1157 2725 genus,
1179 2641 1324 2725 gaudere
1349 2643 1510 2725 sanguine
1534 2641 1670 2718 alterno,
1695 2639 1786 2706 bella

382 2755 390 2784 ‘
404 2773 526 2834 gerere,
542 2756 752 2837 gerendaque
770 2755 880 2818 liberis
895 2755 1046 2818 tradere:
1070 2773 1145 2818 cum
1161 2754 1248 2819 inter
1261 2775 1297 2818 se
1316 2755 1418 2818 etiam
1438 2753 1549 2830 mutis,
1565 2761 1599 2818 et
1618 2751 1694 2817 feris
1715 2772 1784 2836 pax

382 2864 484 2928 ‘sit³.'
512 2865 558 2929 Et
574 2887 731 2949 magnum
747 2867 810 2931 hoc
826 2875 876 2930 est
891 2873 1130 2948 argumentum,
1145 2867 1243 2948 quod,
1260 2867 1287 2930 si
1304 2875 1396 2930 muta
1410 2865 1601 2942 animantia,
1614 2883 1700 2946 quae
1711 2883 1785 2929 ora-

381 2976 472 3040 tione
502 2987 668 3060 nequeunt
698 2980 741 3043 de
770 2979 875 3042 causis
900 2978 1021 3042 irarum
1048 2978 1241 3061 disceptare,
1266 2987 1300 3042 et
1323 2998 1409 3060 quae
1435 2985 1570 3060 propter
1599 2974 1784 3040 naturalem

381 3087 545 3154 feritatem
575 3088 684 3155 aliena
710 3110 729 3153 a
755 3110 846 3172 pace,
872 3109 975 3172 prona
1000 3090 1044 3153 ad
1071 3089 1195 3172 praelia
1224 3099 1310 3167 sunt,
1336 3090 1453 3153 uiuunt
1483 3089 1516 3151 in
1543 3109 1625 3171 pace
1650 3096 1783 3152 tamen:

381 3209 506 3283 quanto
529 3201 635 3284 magis
658 3201 720 3265 hoc
743 3221 840 3285 agere
862 3200 1012 3265 homines
1035 3209 1211 3283 oporteret,
1236 3200 1269 3263 ni
1291 3200 1411 3264 belluis
1434 3198 1539 3282 magis
1560 3198 1691 3262 belluae
1712 3217 1784 3265 esse

381 3311 494 3377 uelint.
550 3311 618 3376 Sed
642 3321 676 3376 et
699 3312 885 3396 Cyprianus
907 3311 1000 3395 paria
1020 3310 1179 3388 Senecae,
1199 3311 1456 3389 ‘Homicidium,
1478 3330 1579 3392 quum
1601 3308 1785 3374 admittunt

382 3422 533 3507 ‘singuli
555 3423 678 3488 crimen
700 3433 760 3488 est.
799 3424 901 3486 uirtus
924 3430 1069 3498 uocatur,
1094 3443 1196 3505 quum
1220 3422 1351 3505 publice
1372 3422 1505 3505 geritur.
1551 3419 1785 3504 impunitatem

382 3537 390 3565 ‘
405 3534 582 3598 sceleribus
596 3535 742 3618 adquirit
756 3555 823 3599 non
839 3535 1047 3598 innocentiae
1062 3535 1155 3613 ratio,
1167 3536 1225 3599 sed
1241 3533 1398 3599 saeuitiae
1414 3529 1647 3617 magnitudo⁴.'
1680 3531 1726 3597 Et
1740 3532 1784 3596 ad

381 3645 471 3710 aliud
487 3647 622 3728 quidem
640 3645 856 3730 propositum,
871 3647 929 3710 sed
949 3654 983 3711 et
1004 3646 1048 3710 ad
1071 3646 1135 3710 hoc
1153 3654 1303 3710 nostmm
1321 3645 1437 3710 itidem
1454 3653 1543 3728 apte,
1561 3643 1785 3709 ‘consensere

384 3756 477 3820 ‘iura
502 3757 655 3839 peccatis,
682 3767 716 3822 et
740 3756 849 3839 coepit
875 3777 947 3820 esse
972 3755 1108 3835 licitum,
1128 3757 1219 3839 quod
1246 3755 1414 3840 publicum
1441 3765 1492 3821 est
1501 3751 1534 3820 ὅ]
1590 3755 1638 3819 Et
1658 3752 1785 3818 Seneca

382 3887 502 3944 rursus,
522 3867 720 3951 ‘Sacrilegia
743 3868 871 3930 minuta
892 3865 1081 3948 puniuntur,
1099 3886 1220 3949 magna
1243 3867 1275 3930 in
1298 3866 1472 3948 triumphis
1494 3859 1684 3930 seruntur⁰.'
1737 3861 1785 3926 Et

382 3977 606 4043 Tertullianus
632 3978 825 4044 iniustitiam
852 3977 1018 4060 propriam
1043 3975 1205 4040 bellorum
1232 3977 1319 4041 dixit
1346 3986 1380 4041 et
1412 3977 1563 4041 militiam
1591 3973 1785 4041 Christianis

381 4089 586 4156 interdixit⁷.
647 4091 692 4154 Et
714 4089 909 4154 Lactantius
937 4088 1083 4168 asseruit,
1108 4087 1248 4152 militare
1271 4108 1337 4152 non
1359 4086 1458 4152 licere
1480 4087 1567 4151 iusto
1576 4085 1598 4154 ⁸.
1628 4084 1784 4168 quicquid

513 4385 521 4417 ¹
540 4389 606 4440 Fest.
618 4389 688 4440 Paul.
700 4405 719 4439 s.
733 4406 757 4438 v.
1011 4387 1021 4416 ²
1038 4389 1125 4441 Cuiac.
1137 4388 1252 4440 Critioar.
1263 4403 1305 4438 no.
1319 4401 1347 4446 ις
1366 4387 1435 4453 Lips.
1449 4399 1471 4436 2.
1483 4385 1539 4436 Mil.
1552 4386 1600 4436 Ro.
1615 4400 1653 4436 υ.

628 4472 639 4501 ⁸
655 4471 711 4523 Sen.
724 4471 771 4536 Ep
783 4485 824 4536 95.
1021 4469 1030 4499 ⁴
1046 4473 1110 4537 Cyp.
1124 4485 1147 4521 n.
1158 4471 1205 4536 Ep.
1220 4485 1241 4523 a.
1438 4468 1448 4499 ⁵
1464 4469 1529 4520 Ibid.

524 4551 534 4582 ⁸
551 4552 608 4604 Sen.
619 4553 666 4619 Ep.
679 4554 719 4616 87.
893 4552 903 4582 ⁷
919 4554 987 4604 Tert.
999 4553 1055 4604 adu.
1067 4554 1152 4613 Iudae,
1163 4555 1195 4604 de
1206 4553 1270 4624 Idol.
1282 4570 1306 4605 c.
1318 4567 1357 4620 19,
1368 4559 1392 4602 et
1404 4551 1434 4602 de
1446 4552 1494 4604 Co.
1506 4552 1552 4602 Mi.
1565 4569 1585 4606 c.
1600 4564 1639 4604 11.

895 4636 905 4667 ⁸
922 4637 992 4688 ant.
1006 4635 1030 4686 6.
1042 4637 1124 4687 Instit.
1137 4653 1161 4688 c.
1171 4635 1194 4686 6.
1207 4653 1229 4687 c.
1243 4637 1280 4686 18.

1075 4864 1097 4914 E
