4534 5576
488 719 549 781 168
972 726 1174 779 ALBERICI
1204 724 1404 778 GENTILIS

487 972 535 1039 Et
556 971 665 1054 potuit
686 971 839 1053 princeps
862 968 1082 1051 proditionem
1105 967 1291 1050 proditione
1314 965 1471 1049 repellere
1493 975 1527 1031 et
1550 968 1740 1033 uindicare:
1763 980 1797 1034 et
1815 971 1883 1034 uim

485 1083 528 1146 ui.
575 1082 649 1144 Imo
666 1077 718 1165 (ut
740 1079 819 1142 mihi
838 1079 972 1163 quidem
991 1073 1134 1164 uidetur)
1153 1097 1213 1142 nec
1236 1078 1380 1160 proditio
1402 1076 1505 1141 altera
1523 1087 1583 1155 est,
1600 1100 1660 1161 per
1676 1101 1778 1162 quam
1796 1082 1885 1164 capi-

486 1203 540 1255 tur
557 1193 613 1274 qui
635 1193 678 1255 de
700 1190 885 1273 proditione
907 1189 1058 1252 tentauie
1103 1189 1192 1252 Nam
1216 1188 1364 1270 proditor
1386 1196 1444 1262 est,
1468 1189 1525 1269 qui
1548 1209 1615 1252 non
1637 1192 1782 1254 ostendit
1804 1191 1885 1273 quid

486 1303 593 1367 facere
620 1301 707 1378 uelit,
732 1309 766 1364 et
796 1299 881 1364 clam
911 1299 989 1363 facit
1019 1299 1218 1362 contrarium
1249 1298 1319 1362 eius
1348 1298 1437 1379 quod
1467 1298 1574 1363 facere
1600 1301 1700 1364 debet
1712 1299 1732 1364 ¹.
1789 1301 1883 1366 Serui

487 1413 630 1498 corrupti
652 1413 789 1488 actione,
810 1412 889 1475 item
912 1420 945 1475 et
968 1411 1054 1489 furti,
1074 1408 1239 1491 obligatur
1260 1409 1316 1491 qui
1339 1409 1446 1474 alieno
1469 1429 1564 1474 seruo
1586 1409 1698 1492 fugam
1721 1414 1832 1490 suasit,
1850 1421 1884 1477 et

485 1524 628 1588 furtum:
661 1533 694 1586 et
718 1542 821 1606 quum
848 1541 961 1586 seruus
984 1521 1120 1584 domino
1144 1520 1178 1583 id
1203 1519 1424 1602 significauit;
1455 1520 1657 1604 dominoque
1682 1524 1885 1588 concedente

486 1643 661 1717 utrumque
677 1633 802 1718 peregit
812 1631 833 1695 ².
879 1631 924 1695 Et
940 1651 1053 1696 seruus
1068 1640 1181 1694 tamen
1197 1640 1366 1712 corruptus
1384 1648 1450 1693 non
1468 1640 1603 1708 estnec
1621 1630 1743 1696 lurtum
1759 1633 1883 1697 factum

486 1765 572 1810 uere.
628 1745 706 1808 Non
729 1743 776 1806 ita
798 1742 962 1825 obligatur
985 1741 1098 1820 hostis,
1120 1741 1178 1824 qui
1200 1761 1415 1823 corrumpere,
1434 1739 1542 1819 furari,
1565 1761 1688 1824 rapere,
1707 1763 1758 1808 res
1778 1743 1884 1810 hostis

486 1864 606 1941 potest
652 1854 720 1920 Sed
744 1874 784 1917 eo
803 1873 906 1936 usque
928 1851 1102 1935 obligatur,
1118 1861 1156 1917 ut
1178 1871 1244 1916 non
1266 1851 1389 1916 habeat
1411 1853 1576 1935 conqueri,
1595 1854 1621 1916 si
1644 1854 1770 1936 patitur
1793 1854 1883 1937 quod

485 1969 592 2033 facere
617 1967 731 2032 uoluit.
777 1965 833 2030 Sic
857 1964 1026 2029 concludo.
1072 1964 1119 2028 Et
1141 1964 1265 2046 aliquid
1289 1963 1378 2028 addo
1404 1984 1464 2046 pro
1490 1965 1569 2050 ipsis
1592 1966 1769 2049 transfugis
1792 1988 1883 2031 men·

485 2080 564 2159 titis,
590 2088 623 2143 et
650 2078 820 2143 contrariis
845 2076 1077 2159 proditoribus,
1103 2095 1169 2138 non
1195 2095 1252 2138 eos
1279 2097 1350 2140 esse
1375 2076 1585 2142 acerbissime
1611 2078 1803 2160 puniendos,
1826 2081 1883 2163 qui

485 2212 553 2256 rem
572 2199 748 2275 procurant
766 2189 921 2272 principis
940 2189 998 2266 sui,
1013 2196 1114 2270 atque
1128 2184 1225 2250 huius
1240 2189 1405 2252 mandatis
1422 2189 1664 2273 obtemperant.
1709 2189 1756 2255 Et
1771 2192 1885 2256 uidere

484 2313 597 2368 tamen
620 2302 752 2381 habent,
772 2322 815 2366 ne
836 2310 1011 2384 procurent
1034 2319 1104 2364 rem
1127 2298 1291 2377 iniustam,
1312 2319 1396 2364 neue
1416 2301 1544 2366 iniustis
1567 2301 1732 2366 mandatis
1753 2303 1883 2367 obtem·

485 2426 622 2500 perent:
647 2435 713 2480 non
731 2414 833 2478 uelint
854 2434 926 2477 esse
948 2413 1062 2490 sicarii,
1083 2430 1150 2475 non
1173 2412 1349 2475 uenenarii.
1394 2413 1483 2476 Nam
1505 2422 1539 2477 et
1561 2415 1647 2477 serui
1669 2415 1703 2478 in
1724 2412 1776 2479 his
1797 2433 1883 2497 quae

484 2529 609 2602 habent
626 2528 834 2593 atrocitatem
849 2525 1011 2604 facinoris,
1026 2525 1163 2590 domino
1178 2543 1244 2587 non
1259 2525 1395 2605 impune
1409 2535 1526 2606 parent
1537 2523 1558 2588 ³.
1605 2525 1674 2607 Ipsi
1691 2535 1763 2589 tum
1783 2527 1883 2590 inius-

483 2642 601 2706 tissimi
621 2641 784 2724 principes
802 2661 953 2724 quoque:
977 2649 1014 2704 ut
1032 2640 1122 2706 dixi:
1147 2647 1180 2704 et
1195 2646 1234 2702 ut
1251 2638 1330 2702 dicit
1348 2637 1565 2721 Augustinus,
1585 2640 1697 2705 ‘Nihil
1715 2642 1882 2722 interesse,

485 2758 617 2820 ‘utrum
636 2754 706 2836 ipse
724 2752 830 2817 scelus
847 2753 1014 2831 admittas,
1029 2772 1070 2816 an
1091 2751 1191 2816 alium
1210 2760 1345 2834 propter
1360 2759 1393 2814 te
1408 2750 1592 2829 admittere,
1607 2751 1688 2816 uelis
1696 2750 1731 2816 ⁴.’
1775 2755 1882 2818 Nobis

485 2866 566 2930 illud
590 2873 642 2930 est
664 2885 795 2947 semper
817 2865 849 2927 in
875 2884 939 2942 ore,
958 2864 1034 2945 ‘qui
1058 2883 1116 2946 per
1139 2863 1240 2926 alium
1264 2861 1360 2939 facit,'
1381 2871 1443 2926 etc.
1486 2863 1602 2945 Atque
1625 2863 1668 2927 de
1692 2865 1770 2930 dolo
1794 2866 1883 2930 satis.

487 2979 651 3062 Sequitur,
668 2987 703 3041 ut
719 2979 762 3041 de
775 2976 827 3040 his
842 2976 1022 3054 uideamus,
1037 2996 1122 3057 quae
1138 2984 1228 3039 recto
1242 2975 1311 3038 iure
1325 2973 1555 3040 defenduntur.

992 3345 1003 3370 ,
1097 3283 1186 3358 Cin).
1219 3284 1268 3357 X.

1002 3468 1061 3539 De
1076 3470 1199 3564 pactis
1223 3469 1365 3542 ducum.

529 3662 574 3726 Iu
595 3669 669 3725 toto
690 3667 803 3723 autem
825 3655 915 3722 bello
937 3655 1043 3719 multa
1060 3655 1196 3738 quidem
1217 3654 1326 3732 armis,
1344 3653 1402 3718 sed
1426 3663 1460 3718 et
1482 3655 1588 3738 pactis
1612 3666 1714 3740 atque
1737 3677 1882 3723 conuen-

484 3775 638 3852 tionibus,
660 3793 727 3836 non
753 3790 859 3854 pauca
884 3779 1093 3852 peraguntur.
1149 3768 1300 3834 Publicas
1326 3768 1387 3832 has
1416 3770 1653 3834 conuentiones
1681 3770 1763 3834 dicit
1789 3771 1882 3836 iuris·

484 3883 660 3957 consultus,
680 3901 765 3964 quae
783 3879 868 3944 fiunt
889 3899 948 3961 per
966 3899 1081 3961 pacem
1100 3879 1253 3961 quotiens
1271 3878 1357 3942 inter
1372 3898 1408 3941 se
1425 3880 1526 3944 duces
1544 3878 1622 3943 belli
1642 3880 1851 3963 paciscuntur
1860 3881 1882 3946 ⁵.

484 3996 531 4062 Et
560 4014 677 4080 pacem
707 4013 770 4074 ego
800 3992 995 4073 interpretor
1024 3989 1220 4072 pactionem,
1251 3997 1293 4067 et,
1323 3989 1495 4071 antiquum
1521 3991 1669 4070 uerbum,
1698 3993 1881 4074 pacionem.

481 4106 554 4172 Aut
582 4105 783 4171 Graecorum
809 4103 895 4167 forte
920 4102 1114 4180 imitatione,
1139 4103 1195 4183 qui
1222 4119 1340 4184 pacem
1367 4111 1496 4182 uocant,
1520 4101 1656 4185 quando
1679 4104 1789 4182 uerbo,
1816 4125 1882 4169 non

480 4219 523 4298 ui,
553 4219 638 4284 inter
666 4237 703 4281 se
732 4223 872 4293 utentes,
903 4212 1141 4278 controuersias
1170 4212 1335 4276 soluunt⁶.
1394 4212 1484 4277 Sane
1516 4214 1605 4279 idem
1635 4216 1883 4282 iurisconsultus

481 4349 603 4394 nomen
625 4327 716 4410 pacis
739 4347 761 4389 a
786 4325 939 4409 pactione
958 4323 1092 4386 deducit
1101 4323 1124 4386 ⁷.
1168 4322 1269 4405 Quod
1293 4332 1406 4388 autem
1430 4323 1540 4407 aliqui,
1561 4345 1686 4407 pacem,
1709 4336 1883 4409 exponunt

561 4551 811 4615 ¹Alc.7.cons.19.
883 4544 1295 4611 ’laalpe.C.deiur.(6.2).
1359 4547 1798 4616 ⁸l157.dereg.in.(D.5o.17).

545 4632 639 4698 ⁴Ang.
653 4646 675 4682 2.
686 4632 718 4682 de
729 4632 783 4682 Mo.
794 4629 854 4680 Ecc.
865 4631 911 4698 Ca.
976 4628 1020 4677 ⁸1.
1033 4642 1056 4692 5.
1068 4627 1176 4693 depact.
1188 4628 1233 4690 (D.
1246 4643 1269 4676 a.
1283 4629 1333 4692 14).
1398 4631 1554 4681 ‘PlutNu
1620 4631 1665 4681 ⁷1.
1678 4647 1699 4683 1.
1711 4633 1743 4683 de
1754 4639 1821 4698 pact.
