4522 5570
478 654 716 666 -n--u————

475 751 537 834 136
961 754 1161 807 ALBERICI
1189 754 1389 808 GENTILIS

473 1003 685 1082 latronesque
715 996 961 1062 iurisconsultus
993 998 1025 1060 in
1056 997 1225 1080 proposito
1256 1017 1351 1079 pares
1385 995 1500 1059 iecisse
1535 995 1684 1072 uidetur;
1727 993 1872 1074 nonita

473 1113 701 1195 accipiendum
716 1120 774 1187 est,
790 1109 882 1192 quasi
901 1111 988 1173 idem
1005 1108 1101 1172 dolus
1115 1110 1158 1172 sit
1173 1109 1281 1172 bonus
1296 1108 1329 1170 in
1344 1106 1465 1184 hostes,
1482 1106 1538 1188 qui
1553 1107 1660 1170 bonus
1677 1107 1710 1168 in
1729 1105 1871 1168 latrones

474 1233 535 1289 est.
581 1225 671 1288 Nam
701 1223 734 1286 in
764 1222 923 1299 subditos,
950 1221 1122 1301 omnisque
1148 1220 1225 1282 iuris
1249 1218 1434 1297 uiolatores,
1460 1216 1602 1299 plurima
1631 1216 1730 1298 longe
1752 1217 1872 1292 dantur

472 1355 573 1418 quam
597 1337 630 1397 in
652 1333 805 1416 aequales
828 1342 862 1397 et
885 1333 961 1396 iuris
977 1333 1124 1396 eiusdem
1140 1331 1378 1394 obseruatores.
1424 1329 1513 1392 Ecce
1528 1329 1732 1410 disceptatur
1746 1329 1871 1406 acriter,

473 1448 501 1510 si
527 1455 625 1528 pacta
652 1445 734 1509 fides
759 1446 802 1508 sit
829 1446 991 1508 seruanda
1017 1443 1208 1519 latronibus,
1230 1441 1368 1524 aliisque
1394 1440 1582 1504 huiusmodi
1605 1441 1807 1504 criminosis:
1838 1448 1872 1502 et

473 1558 621 1641 plerique
638 1577 753 1620 omnes
771 1557 941 1638 utriusque
959 1556 1037 1618 iuris
1060 1556 1253 1636 interpretes
1277 1560 1399 1634 negant
1422 1551 1543 1616 seruari
1565 1562 1725 1635 oportere.
1771 1551 1870 1635 Quod

473 1690 571 1733 nemo
601 1670 644 1732 de
672 1668 822 1731 hostibus
852 1667 1021 1730 defendit:
1052 1674 1088 1728 at
1117 1665 1314 1729 contrarium
1342 1664 1490 1727 maximo
1520 1683 1680 1726 consensu
1706 1664 1841 1727 tradunt
1850 1661 1871 1726 ¹.

471 1779 575 1844 Adde
592 1780 674 1843 haec
694 1779 841 1844 Senecae
861 1778 904 1841 de
926 1777 1085 1855 hostibus,
1103 1775 1232 1838 ‘Multa
1250 1774 1359 1857 legem
1381 1795 1446 1838 non
1466 1773 1599 1850 habent,
1619 1794 1679 1838 nec
1697 1774 1871 1838 actionem.

473 1892 587 1974 ‘atqui
610 1891 815 1954 consuetudo
838 1890 927 1952 uitae
949 1888 1123 1966 humanae,
1141 1887 1214 1971 lege
1237 1887 1327 1951 omni
1347 1885 1516 1963 ualentior,
1534 1885 1592 1948 dat
1614 1886 1750 1949 aditum.
1781 1883 1872 1948 nulla

473 2002 552 2066 ‘lex
575 2003 666 2065 iubet
688 2002 868 2064 amicorum
895 2009 1019 2064 secreta
1042 2019 1108 2062 non
1131 1998 1260 2081 eloqui:
1295 1997 1385 2060 nulla
1406 1997 1472 2074 lex,
1494 1997 1594 2060 fidem
1617 1998 1717 2061 etiam
1740 1996 1872 2060 inimico

473 2114 673 2196 ‘praestari3
704 2121 825 2190 tamen,
844 2110 940 2175 etc.²’
985 2112 1030 2174 Et
1049 2111 1112 2174 hoc
1133 2111 1220 2175 adde
1240 2108 1319 2188 Silii,
1335 2108 1460 2172 ‘multo
1483 2109 1628 2190 optimus
1650 2107 1706 2172 ille
1728 2109 1872 2185 militiae,

473 2227 549 2289 ‘cui
572 2236 776 2307 postremum
798 2233 846 2286 est
866 2224 1084 2305 primumque,
1101 2223 1183 2286 tueri
1205 2223 1290 2285 inter
1308 2220 1396 2284 bella
1415 2217 1537 2283 fidem?
1592 2219 1742 2283 Iustitiae
1756 2219 1872 2283 sunda-

473 2346 622 2400 mentum
645 2321 696 2398 est
718 2334 801 2398 fides
811 2333 833 2394 ³.
879 2335 979 2398 Fides
1003 2354 1069 2397 non
1093 2335 1255 2397 seruanda
1279 2333 1400 2415 piratis,
1425 2331 1653 2413 praedonibus,
1677 2351 1736 2395 nec
1759 2331 1872 2408 iurata,

473 2469 550 2512 nam
573 2448 627 2510 isti
650 2468 694 2511 ex
718 2446 934 2528 perduellium
958 2467 1024 2509 non
1046 2453 1122 2509 sunt
1145 2466 1289 2508 numero.
1327 2463 1387 2506 nec
1414 2442 1496 2507 fides
1523 2452 1573 2506 est
1599 2461 1675 2505 cum
1701 2443 1789 2525 ipsis,
1812 2462 1873 2506 nec

473 2560 698 2622 iusiurandum
724 2576 910 2621 commune.
946 2558 1103 2620 aduersus
1130 2577 1208 2619 uero
1236 2557 1358 2618 iustum
1388 2565 1421 2618 et
1451 2554 1635 2636 legitimum
1665 2553 1797 2617 hostem
1823 2554 1873 2616 ius

472 2668 607 2733 laeciale
629 2679 748 2748 totum,
767 2677 800 2732 et
823 2669 888 2732 alia
911 2668 1015 2732 multa
1037 2677 1112 2731 sunt
1135 2667 1204 2730 iura
1227 2666 1434 2730 communia:
1465 2673 1503 2727 ut
1525 2664 1606 2728 haec
1628 2665 1740 2727 omnia
1761 2664 1875 2728 scribit

474 2779 522 2842 Μ.
538 2781 675 2843 Tullius,
722 2780 797 2861 Ego
819 2788 940 2857 autem,
959 2788 997 2842 ut
1018 2781 1087 2842 eius
1109 2780 1198 2843 dicta
1221 2797 1286 2841 non
1310 2778 1447 2860 probem
1468 2776 1590 2853 omnia,
1609 2796 1675 2839 non
1695 2784 1875 2857 quaesunt

474 2894 518 2956 de
551 2892 766 2968 iureiurando,
798 2900 909 2953 tamen
939 2890 1016 2953 uolo
1045 2890 1108 2954 hoc
1141 2899 1229 2954 certe
1262 2910 1336 2953 cum
1367 2890 1447 2971 ipso,
1478 2898 1511 2951 et
1541 2908 1616 2952 cum
1645 2888 1726 2962 aliis,
1758 2887 1871 2950 dolum

473 3003 596 3064 bonum
615 3000 749 3064 alterius
771 3000 900 3081 generis
923 3020 1002 3076 esse,
1017 3000 1072 3081 qui
1096 3008 1210 3063 contra
1229 3000 1381 3072 latrones
1397 3007 1431 3061 et
1448 2999 1504 3080 qui
1528 3007 1642 3061 contra
1664 2997 1776 3061 hostes
1799 3017 1873 3079 pro-

473 3114 580 3175 betur.
624 3112 711 3193 Age,
726 3131 902 3193 pergamus
917 3112 959 3173 de
976 3111 1039 3173 isto
1055 3111 1170 3175 dicere.

1084 3493 1173 3567 Cu.
1205 3493 1270 3566 lV.

976 3698 1035 3769 De
1060 3697 1140 3774 dolo
1165 3700 1369 3770 uerborum.

518 3893 648 3956 DOLUs
679 3900 728 3955 est
758 3890 856 3966 sraus,
887 3889 1016 3953 fallacia
1044 3890 1087 3955 ad
1118 3887 1452 3954 circumueniendum.
1511 3885 1556 3949 Et
1586 3885 1640 3950 uel
1671 3886 1787 3964 uerbis,
1819 3886 1872 3951 uel

473 4004 569 4070 factis
591 4003 785 4068 admittitur.
841 4000 875 4063 A
898 4001 1005 4065 uerbis
1027 4011 1140 4065 autem
1163 4010 1335 4082 pactorum
1359 4018 1434 4062 cum
1457 3998 1553 4061 hoste
1575 3997 1685 4060 absint
1708 4000 1873 4080 capedun-

474 4115 568 4180 culae
589 4135 715 4178 omnes.
760 4113 850 4175 Nam
870 4122 903 4175 et
919 4113 1027 4176 bonae
1045 4112 1122 4175 fidei
1141 4121 1217 4174 sunt
1235 4111 1346 4176 omnia
1365 4110 1488 4173 isthaec
1507 4108 1707 4190 principalia,
1722 4119 1780 4173 aut
1798 4129 1873 4174 cum

473 4225 739 4309 procuratoribus
762 4223 947 4305 principum
970 4221 1104 4304 gesta⁴:
1129 4231 1162 4285 et
1185 4222 1285 4286 ualde
1306 4231 1463 4303 respuunt
1486 4218 1694 4302 scrupulosas
1716 4221 1873 4302 interpre-

475 4485 483 4514 ¹
501 4487 551 4536 No.
560 4486 577 4535 1.
590 4500 613 4549 5.
624 4483 655 4534 de
666 4500 707 4549 pa.
721 4483 767 4545 (D.
780 4491 820 4544 37.
834 4482 890 4543 14);
908 4479 959 4529 Zai.
972 4486 1037 4530 cont.
1051 4479 1128 4536 Edu:
1146 4479 1202 4530 Alc.
1214 4479 1231 4530 l.
1245 4491 1291 4543 177
1303 4481 1334 4532 de
1345 4481 1377 4532 U.
1391 4481 1416 4532 S.
1429 4482 1475 4546 (D.
1489 4495 1527 4544 50.
1542 4479 1600 4544 16);
1618 4480 1679 4530 Bod.
1694 4495 1715 4529 1.
1727 4482 1759 4530 de
1770 4481 1832 4546 Rep.
1846 4495 1874 4540 1:

475 4568 541 4618 Mar.
553 4583 575 4631 3.
587 4568 655 4624 Iud:
673 4565 740 4618 Uiui.
754 4565 827 4615 Com.
838 4567 886 4628 Op.
1078 4561 1089 4589 ²
1105 4561 1161 4611 Seu.
1175 4575 1197 4624 5.
1209 4562 1239 4612 de
1252 4561 1334 4613 Benei.
1347 4580 1368 4614 c.
1382 4579 1420 4614 21.
1618 4563 1628 4592 ⁸
1645 4563 1698 4612 Cic.
1715 4578 1736 4612 1.
1747 4564 1779 4612 de
1790 4563 1839 4613 Off.
1852 4573 1874 4626 7.

566 4650 575 4678 ⁴
589 4651 618 4700 B.
632 4663 654 4698 1.
666 4664 733 4699 eoos.
747 4645 801 4708 263.
815 4656 869 4708 327.
884 4659 905 4695 s.
920 4657 958 4705 ¹4·
971 4658 993 4707 5.
1006 4643 1061 4694 ²18.
1075 4659 1098 4708 5.
1113 4644 1169 4694 188.
1182 4642 1246 4707 552:
1264 4646 1320 4696 Alc.
1335 4660 1357 4708 3.
1370 4663 1435 4697 cons.
1448 4646 1487 4710 36.
1501 4661 1523 4710 5.
1538 4659 1575 4696 η.
1591 4646 1629 4695 18.
1644 4659 1698 4709 105.
1711 4649 1733 4696 8.
1745 4661 1786 4711 49.
