<?xml version="1.0" encoding="UTF-8"?>
<!DOCTYPE html PUBLIC "-//W3C//DTD XHTML 1.0 Transitional//EN"
    "http://www.w3.org/TR/xhtml1/DTD/xhtml1-transitional.dtd">
<html xmlns="http://www.w3.org/1999/xhtml" xml:lang="en" lang="en">
 <head>
  <title>
</title>
<meta http-equiv="Content-Type" content="text/html;charset=utf-8" />
  <meta name='ocr-system' content='tesseract 3.04.00' />
  <meta name='ocr-capabilities' content='ocr_page ocr_carea ocr_par ocr_line ocrx_word'/>
</head>
<body>
  <div class='ocr_page' id='page_1' title='image "albericigentili00gentgoog_0018.png"; bbox 0 0 4498 5566; ppageno 0'>
   <div class='ocr_carea' id='block_1_1' title="bbox 468 757 1376 824">
    <p class='ocr_par' dir='ltr' id='par_1_1' title="bbox 468 757 1376 824">
     <span class='ocr_line' id='line_1_1' title="bbox 468 757 1376 824; baseline 0.006 -6"><span class='ocrx_word' id='word_1_1' title='bbox 468 757 526 819; x_wconf 86' lang='lat' dir='ltr'>xiv</span> <span class='ocrx_word' id='word_1_2' title='bbox 970 758 1376 824; x_wconf 82' lang='lat' dir='ltr'>PRAEFATIO.</span> 
     </span>
    </p>
   </div>
   <div class='ocr_carea' id='block_1_2' title="bbox 467 1001 1871 1503">
    <p class='ocr_par' dir='ltr' id='par_1_2' title="bbox 467 1001 1871 1503">
     <span class='ocr_line' id='line_1_2' title="bbox 468 1001 1870 1089; baseline 0.004 -25"><span class='ocrx_word' id='word_1_3' title='bbox 468 1001 655 1085; x_wconf 69' lang='lat' dir='ltr'>‘deinceps</span> <span class='ocrx_word' id='word_1_4' title='bbox 680 1003 819 1085; x_wconf 88' lang='lat' dir='ltr'>quilibet</span> <span class='ocrx_word' id='word_1_5' title='bbox 842 1006 874 1068; x_wconf 95' lang='lat' dir='ltr'>in</span> <span class='ocrx_word' id='word_1_6' title='bbox 894 1006 1086 1088; x_wconf 87' lang='lat' dir='ltr'>quaestione</span> <span class='ocrx_word' id='word_1_7' title='bbox 1114 1027 1180 1070; x_wconf 89' lang='lat' dir='ltr'>una</span> <span class='ocrx_word' id='word_1_8' title='bbox 1210 1006 1401 1088; x_wconf 85' lang='lat' dir='ltr'><strong>disputabit.</strong></span> <span class='ocrx_word' id='word_1_9' title='bbox 1447 1007 1662 1089; x_wconf 78' lang='lat' dir='ltr'>Respondete</span> <span class='ocrx_word' id='word_1_10' title='bbox 1685 1028 1763 1072; x_wconf 91' lang='lat' dir='ltr'>vero</span> <span class='ocrx_word' id='word_1_11' title='bbox 1792 1027 1870 1071; x_wconf 94' lang='lat' dir='ltr'>con-</span> 
     </span>
     <span class='ocr_line' id='line_1_3' title="bbox 467 1107 1871 1192; baseline 0.005 -25"><span class='ocrx_word' id='word_1_12' title='bbox 467 1107 597 1169; x_wconf 91' lang='lat' dir='ltr'>‘suevit</span> <span class='ocrx_word' id='word_1_13' title='bbox 620 1109 676 1188; x_wconf 93' lang='lat' dir='ltr'>qui</span> <span class='ocrx_word' id='word_1_14' title='bbox 699 1109 733 1171; x_wconf 92' lang='lat' dir='ltr'>in</span> <span class='ocrx_word' id='word_1_15' title='bbox 750 1109 919 1192; x_wconf 90' lang='lat' dir='ltr'>Vesperiis</span> <span class='ocrx_word' id='word_1_16' title='bbox 943 1109 1164 1174; x_wconf 90' lang='lat' dir='ltr'>Moderatoris</span> <span class='ocrx_word' id='word_1_17' title='bbox 1188 1110 1297 1174; x_wconf 94' lang='lat' dir='ltr'>locum</span> <span class='ocrx_word' id='word_1_18' title='bbox 1320 1111 1446 1188; x_wconf 87' lang='lat' dir='ltr'>tenuit3</span> <span class='ocrx_word' id='word_1_19' title='bbox 1478 1131 1561 1174; x_wconf 92' lang='lat' dir='ltr'>unus</span> <span class='ocrx_word' id='word_1_20' title='bbox 1581 1111 1735 1175; x_wconf 91' lang='lat' dir='ltr'>nimirum</span> <span class='ocrx_word' id='word_1_21' title='bbox 1759 1111 1871 1192; x_wconf 90' lang='lat' dir='ltr'>incep-</span> 
     </span>
     <span class='ocr_line' id='line_1_4' title="bbox 467 1211 1871 1296; baseline 0.002 -25"><span class='ocrx_word' id='word_1_22' title='bbox 467 1212 601 1272; x_wconf 90' lang='lat' dir='ltr'>‘torum</span> <span class='ocrx_word' id='word_1_23' title='bbox 625 1211 711 1274; x_wconf 91' lang='lat' dir='ltr'>illius</span> <span class='ocrx_word' id='word_1_24' title='bbox 731 1213 817 1290; x_wconf 90' lang='lat' dir='ltr'>anni,</span> <span class='ocrx_word' id='word_1_25' title='bbox 836 1223 902 1288; x_wconf 90' lang='lat' dir='ltr'>aut,</span> <span class='ocrx_word' id='word_1_26' title='bbox 920 1214 997 1296; x_wconf 91' lang='lat' dir='ltr'>ipsis</span> <span class='ocrx_word' id='word_1_27' title='bbox 1020 1213 1281 1295; x_wconf 70' lang='lat' dir='ltr'>procurantibus</span> <span class='ocrx_word' id='word_1_28' title='bbox 1304 1215 1469 1277; x_wconf 92' lang='lat' dir='ltr'>studiosus</span> <span class='ocrx_word' id='word_1_29' title='bbox 1492 1215 1610 1296; x_wconf 90' lang='lat' dir='ltr'>aliquis</span> <span class='ocrx_word' id='word_1_30' title='bbox 1633 1217 1666 1277; x_wconf 94' lang='lat' dir='ltr'>in</span> <span class='ocrx_word' id='word_1_31' title='bbox 1690 1215 1759 1278; x_wconf 90' lang='lat' dir='ltr'>iure</span> <span class='ocrx_word' id='word_1_32' title='bbox 1776 1214 1871 1290; x_wconf 91' lang='lat' dir='ltr'>civili,</span> 
     </span>
     <span class='ocr_line' id='line_1_5' title="bbox 467 1314 1871 1400; baseline 0.003 -24"><span class='ocrx_word' id='word_1_33' title='bbox 467 1314 547 1394; x_wconf 92' lang='lat' dir='ltr'>‘qui</span> <span class='ocrx_word' id='word_1_34' title='bbox 572 1323 703 1398; x_wconf 90' lang='lat' dir='ltr'>tempus</span> <span class='ocrx_word' id='word_1_35' title='bbox 727 1317 770 1380; x_wconf 89' lang='lat' dir='ltr'>ad</span> <span class='ocrx_word' id='word_1_36' title='bbox 794 1319 934 1399; x_wconf 89' lang='lat' dir='ltr'>gradum</span> <span class='ocrx_word' id='word_1_37' title='bbox 970 1317 1243 1381; x_wconf 88' lang='lat' dir='ltr'>Baccalaureatus</span> <span class='ocrx_word' id='word_1_38' title='bbox 1274 1317 1466 1400; x_wconf 90' lang='lat' dir='ltr'>requisitum</span> <span class='ocrx_word' id='word_1_39' title='bbox 1490 1317 1717 1400; x_wconf 86' lang='lat' dir='ltr'>compleverit,</span> <span class='ocrx_word' id='word_1_40' title='bbox 1743 1339 1764 1380; x_wconf 91' lang='lat' dir='ltr'>a</span> <span class='ocrx_word' id='word_1_41' title='bbox 1793 1338 1871 1381; x_wconf 94' lang='lat' dir='ltr'>con-</span> 
     </span>
     <span class='ocr_line' id='line_1_6' title="bbox 468 1419 1162 1503; baseline 0.009 -25"><span class='ocrx_word' id='word_1_42' title='bbox 468 1419 683 1499; x_wconf 88' lang='lat' dir='ltr'>‘gregatione</span> <span class='ocrx_word' id='word_1_43' title='bbox 700 1419 903 1503; x_wconf 89' lang='lat' dir='ltr'>Regentium</span> <span class='ocrx_word' id='word_1_44' title='bbox 920 1420 1123 1503; x_wconf 92' lang='lat' dir='ltr'>approbatus</span> <span class='ocrx_word' id='word_1_45' title='bbox 1132 1419 1162 1484; x_wconf 67' lang='lat'>²?</span> 
     </span>
    </p>
   </div>
   <div class='ocr_carea' id='block_1_3' title="bbox 520 1609 1869 1713">
    <p class='ocr_par' dir='ltr' id='par_1_3' title="bbox 520 1609 1869 1713">
     <span class='ocr_line' id='line_1_7' title="bbox 520 1609 1869 1713; baseline 0.006 -32"><span class='ocrx_word' id='word_1_46' title='bbox 520 1609 683 1687; x_wconf 85' lang='lat' dir='ltr'><strong>Peractis</strong></span> <span class='ocrx_word' id='word_1_47' title='bbox 714 1618 909 1702; x_wconf 70' lang='lat' dir='ltr'>exercitiis</span> <span class='ocrx_word' id='word_1_48' title='bbox 938 1633 976 1690; x_wconf 91' lang='lat' dir='ltr'>et</span> <span class='ocrx_word' id='word_1_49' title='bbox 1010 1616 1240 1691; x_wconf 92' lang='lat' dir='ltr'>Doctoribus</span> <span class='ocrx_word' id='word_1_50' title='bbox 1270 1618 1307 1688; x_wconf 90' lang='lat' dir='ltr'>in</span> <span class='ocrx_word' id='word_1_51' title='bbox 1338 1642 1488 1713; x_wconf 92' lang='lat' dir='ltr'>quaque</span> <span class='ocrx_word' id='word_1_52' title='bbox 1519 1618 1695 1692; x_wconf 83' lang='lat' dir='ltr'>facultate</span> <span class='ocrx_word' id='word_1_53' title='bbox 1726 1618 1869 1702; x_wconf 78' lang='lat' dir='ltr'>creatiS,</span> 
     </span>
    </p>
   </div>
   <div class='ocr_carea' id='block_1_4' title="bbox 466 1748 1810 1826">
    <p class='ocr_par' dir='ltr' id='par_1_4' title="bbox 466 1748 1810 1826">
     <span class='ocr_line' id='line_1_8' title="bbox 466 1748 1810 1826; baseline 0.005 -10"><span class='ocrx_word' id='word_1_54' title='bbox 466 1748 661 1821; x_wconf 90' lang='lat' dir='ltr'>consueuit</span> <span class='ocrx_word' id='word_1_55' title='bbox 683 1749 1032 1825; x_wconf 89' lang='lat' dir='ltr'>Uice-cancellarius</span> <span class='ocrx_word' id='word_1_56' title='bbox 1051 1753 1200 1824; x_wconf 89' lang='lat' dir='ltr'>comitia</span> <span class='ocrx_word' id='word_1_57' title='bbox 1218 1750 1374 1825; x_wconf 92' lang='lat' dir='ltr'>sollenni</span> <span class='ocrx_word' id='word_1_58' title='bbox 1393 1753 1562 1826; x_wconf 89' lang='lat' dir='ltr'>oratione</span> <span class='ocrx_word' id='word_1_59' title='bbox 1580 1753 1810 1826; x_wconf 83' lang='lat' dir='ltr'>concludere.</span> 
     </span>
    </p>
   </div>
   <div class='ocr_carea' id='block_1_5' title="bbox 465 1971 1870 2475">
    <p class='ocr_par' dir='ltr' id='par_1_5' title="bbox 465 1971 1870 2475">
     <span class='ocr_line' id='line_1_9' title="bbox 519 1971 1869 2073; baseline 0.004 -30"><span class='ocrx_word' id='word_1_60' title='bbox 519 1971 579 2044; x_wconf 87' lang='lat' dir='ltr'>Ex</span> <span class='ocrx_word' id='word_1_61' title='bbox 598 1973 811 2049; x_wconf 88' lang='lat' dir='ltr'>huiusmodi</span> <span class='ocrx_word' id='word_1_62' title='bbox 831 1975 1146 2073; x_wconf 83' lang='lat' dir='ltr'>disputationibus</span> <span class='ocrx_word' id='word_1_63' title='bbox 1173 1976 1356 2073; x_wconf 88' lang='lat' dir='ltr'>originem</span> <span class='ocrx_word' id='word_1_64' title='bbox 1376 2002 1480 2049; x_wconf 92' lang='lat' dir='ltr'>suam</span> <span class='ocrx_word' id='word_1_65' title='bbox 1500 1976 1652 2049; x_wconf 86' lang='lat' dir='ltr'>duxisse</span> <span class='ocrx_word' id='word_1_66' title='bbox 1671 1993 1869 2050; x_wconf 87' lang='lat' dir='ltr'>tractatum</span> 
     </span>
     <span class='ocr_line' id='line_1_10' title="bbox 466 2109 1870 2208; baseline 0.006 -33"><span class='ocrx_word' id='word_1_67' title='bbox 466 2119 634 2180; x_wconf 91' lang='lat' dir='ltr'>nostrum</span> <span class='ocrx_word' id='word_1_68' title='bbox 666 2136 732 2206; x_wconf 93' lang='lat' dir='ltr'>pro</span> <span class='ocrx_word' id='word_1_69' title='bbox 769 2125 871 2185; x_wconf 91' lang='lat' dir='ltr'>certo</span> <span class='ocrx_word' id='word_1_70' title='bbox 906 2111 1039 2184; x_wconf 91' lang='lat' dir='ltr'>habeo.</span> <span class='ocrx_word' id='word_1_71' title='bbox 1096 2109 1220 2183; x_wconf 84' lang='lat' dir='ltr'>Causa</span> <span class='ocrx_word' id='word_1_72' title='bbox 1256 2109 1367 2184; x_wconf 92' lang='lat' dir='ltr'>huius</span> <span class='ocrx_word' id='word_1_73' title='bbox 1403 2109 1588 2208; x_wconf 88' lang='lat' dir='ltr'>opinionis</span> <span class='ocrx_word' id='word_1_74' title='bbox 1622 2127 1681 2184; x_wconf 90' lang='lat' dir='ltr'>est</span> <span class='ocrx_word' id='word_1_75' title='bbox 1711 2109 1870 2207; x_wconf 89' lang='lat' dir='ltr'>epistola</span> 
     </span>
     <span class='ocr_line' id='line_1_11' title="bbox 465 2243 1868 2342; baseline 0.004 -31"><span class='ocrx_word' id='word_1_76' title='bbox 465 2245 676 2338; x_wconf 84' lang='lat' dir='ltr'>nuperrime</span> <span class='ocrx_word' id='word_1_77' title='bbox 708 2247 743 2318; x_wconf 92' lang='lat' dir='ltr'>in</span> <span class='ocrx_word' id='word_1_78' title='bbox 775 2245 935 2318; x_wconf 89' lang='lat' dir='ltr'>archiuis</span> <span class='ocrx_word' id='word_1_79' title='bbox 964 2245 1118 2342; x_wconf 90' lang='lat' dir='ltr'>priuatis</span> <span class='ocrx_word' id='word_1_80' title='bbox 1150 2262 1299 2342; x_wconf 87' lang='lat' dir='ltr'>reperta</span> <span class='ocrx_word' id='word_1_81' title='bbox 1334 2261 1373 2318; x_wconf 90' lang='lat' dir='ltr'>et</span> <span class='ocrx_word' id='word_1_82' title='bbox 1408 2245 1523 2340; x_wconf 91' lang='lat' dir='ltr'>ipsius</span> <span class='ocrx_word' id='word_1_83' title='bbox 1556 2243 1720 2318; x_wconf 87' lang='lat' dir='ltr'>Alberici</span> <span class='ocrx_word' id='word_1_84' title='bbox 1757 2269 1868 2316; x_wconf 88' lang='lat' dir='ltr'>manu</span> 
     </span>
     <span class='ocr_line' id='line_1_12' title="bbox 465 2379 1144 2475; baseline 0.007 -27"><span class='ocrx_word' id='word_1_85' title='bbox 465 2379 681 2475; x_wconf 90' lang='lat' dir='ltr'>conscripta,</span> <span class='ocrx_word' id='word_1_86' title='bbox 711 2381 747 2453; x_wconf 93' lang='lat' dir='ltr'>in</span> <span class='ocrx_word' id='word_1_87' title='bbox 774 2379 872 2454; x_wconf 91' lang='lat' dir='ltr'>hunc</span> <span class='ocrx_word' id='word_1_88' title='bbox 899 2397 1068 2454; x_wconf 90' lang='lat' dir='ltr'>tenorem</span> <span class='ocrx_word' id='word_1_89' title='bbox 1084 2407 1144 2453; x_wconf 94' lang='lat'>:—</span> 
     </span>
    </p>
   </div>
   <div class='ocr_carea' id='block_1_6' title="bbox 463 2551 1870 3676">
    <p class='ocr_par' dir='ltr' id='par_1_6' title="bbox 463 2551 1870 3676">
     <span class='ocr_line' id='line_1_13' title="bbox 511 2551 1869 2641; baseline 0.001 -27"><span class='ocrx_word' id='word_1_90' title='bbox 511 2551 733 2619; x_wconf 89' lang='lat' dir='ltr'>Commodum</span> <span class='ocrx_word' id='word_1_91' title='bbox 750 2554 809 2641; x_wconf 82' lang='lat' dir='ltr'>(mi</span> <span class='ocrx_word' id='word_1_92' title='bbox 830 2553 1006 2640; x_wconf 69' lang='lat' dir='ltr'>Benette²l</span> <span class='ocrx_word' id='word_1_93' title='bbox 1021 2557 1134 2638; x_wconf 90' lang='lat' dir='ltr'>accepi</span> <span class='ocrx_word' id='word_1_94' title='bbox 1151 2556 1278 2619; x_wconf 89' lang='lat' dir='ltr'>litteras</span> <span class='ocrx_word' id='word_1_95' title='bbox 1294 2565 1387 2640; x_wconf 85' lang='lat' dir='ltr'>tuas:</span> <span class='ocrx_word' id='word_1_96' title='bbox 1412 2575 1489 2617; x_wconf 95' lang='lat' dir='ltr'>nam</span> <span class='ocrx_word' id='word_1_97' title='bbox 1509 2552 1655 2618; x_wconf 88' lang='lat' dir='ltr'>Alberici</span> <span class='ocrx_word' id='word_1_98' title='bbox 1671 2553 1811 2618; x_wconf 92' lang='lat' dir='ltr'>oblitum</span> <span class='ocrx_word' id='word_1_99' title='bbox 1827 2564 1869 2632; x_wconf 91' lang='lat' dir='ltr'>te,</span> 
     </span>
     <span class='ocr_line' id='line_1_14' title="bbox 466 2655 1868 2743; baseline 0.004 -26"><span class='ocrx_word' id='word_1_100' title='bbox 466 2656 639 2735; x_wconf 90' lang='lat' dir='ltr'>notarium,</span> <span class='ocrx_word' id='word_1_101' title='bbox 663 2657 902 2737; x_wconf 87' lang='lat' dir='ltr'>cancellarium,</span> <span class='ocrx_word' id='word_1_102' title='bbox 927 2659 1198 2741; x_wconf 83' lang='lat' dir='ltr'>patremfamilias</span> <span class='ocrx_word' id='word_1_103' title='bbox 1221 2658 1267 2738; x_wconf 90' lang='lat' dir='ltr'>(et</span> <span class='ocrx_word' id='word_1_104' title='bbox 1291 2659 1370 2740; x_wconf 93' lang='lat' dir='ltr'>quid</span> <span class='ocrx_word' id='word_1_105' title='bbox 1389 2655 1494 2743; x_wconf 78' lang='lat' dir='ltr'>noni)</span> <span class='ocrx_word' id='word_1_106' title='bbox 1529 2658 1685 2740; x_wconf 90' lang='lat' dir='ltr'>suspicari</span> <span class='ocrx_word' id='word_1_107' title='bbox 1708 2659 1868 2741; x_wconf 88' lang='lat' dir='ltr'>cogebar:</span> 
     </span>
     <span class='ocr_line' id='line_1_15' title="bbox 465 2755 1870 2844; baseline 0.003 -24"><span class='ocrx_word' id='word_1_108' title='bbox 465 2755 578 2842; x_wconf 82' lang='lat' dir='ltr'>itaque</span> <span class='ocrx_word' id='word_1_109' title='bbox 599 2760 694 2824; x_wconf 91' lang='lat' dir='ltr'>binas</span> <span class='ocrx_word' id='word_1_110' title='bbox 717 2763 759 2825; x_wconf 92' lang='lat' dir='ltr'>ad</span> <span class='ocrx_word' id='word_1_111' title='bbox 779 2771 813 2825; x_wconf 92' lang='lat' dir='ltr'>te</span> <span class='ocrx_word' id='word_1_112' title='bbox 840 2764 958 2826; x_wconf 89' lang='lat' dir='ltr'>eodem</span> <span class='ocrx_word' id='word_1_113' title='bbox 982 2763 1100 2844; x_wconf 91' lang='lat' dir='ltr'>opinor</span> <span class='ocrx_word' id='word_1_114' title='bbox 1120 2771 1271 2844; x_wconf 87' lang='lat' dir='ltr'>tempore</span> <span class='ocrx_word' id='word_1_115' title='bbox 1290 2762 1376 2839; x_wconf 90' lang='lat' dir='ltr'>dedi,</span> <span class='ocrx_word' id='word_1_116' title='bbox 1396 2761 1517 2843; x_wconf 92' lang='lat' dir='ltr'>quibus</span> <span class='ocrx_word' id='word_1_117' title='bbox 1537 2761 1720 2825; x_wconf 90' lang='lat' dir='ltr'>refricarem</span> <span class='ocrx_word' id='word_1_118' title='bbox 1744 2781 1870 2824; x_wconf 92' lang='lat' dir='ltr'>memo-</span> 
     </span>
     <span class='ocr_line' id='line_1_16' title="bbox 465 2862 1868 2948; baseline 0.004 -25"><span class='ocrx_word' id='word_1_119' title='bbox 465 2862 547 2925; x_wconf 91' lang='lat' dir='ltr'>riam</span> <span class='ocrx_word' id='word_1_120' title='bbox 571 2864 640 2928; x_wconf 91' lang='lat' dir='ltr'>eius</span> <span class='ocrx_word' id='word_1_121' title='bbox 663 2865 805 2928; x_wconf 90' lang='lat' dir='ltr'>hominis</span> <span class='ocrx_word' id='word_1_122' title='bbox 834 2867 890 2948; x_wconf 92' lang='lat' dir='ltr'>qui</span> <span class='ocrx_word' id='word_1_123' title='bbox 913 2867 1002 2929; x_wconf 92' lang='lat' dir='ltr'>visus</span> <span class='ocrx_word' id='word_1_124' title='bbox 1025 2866 1206 2948; x_wconf 87' lang='lat' dir='ltr'>aliquando</span> <span class='ocrx_word' id='word_1_125' title='bbox 1230 2874 1281 2928; x_wconf 89' lang='lat' dir='ltr'>est</span> <span class='ocrx_word' id='word_1_126' title='bbox 1303 2866 1403 2929; x_wconf 88' lang='lat' dir='ltr'>fuisse</span> <span class='ocrx_word' id='word_1_127' title='bbox 1425 2864 1486 2928; x_wconf 91' lang='lat' dir='ltr'>tibi</span> <span class='ocrx_word' id='word_1_128' title='bbox 1508 2873 1623 2929; x_wconf 90' lang='lat' dir='ltr'>mutuo</span> <span class='ocrx_word' id='word_1_129' title='bbox 1646 2885 1748 2929; x_wconf 90' lang='lat' dir='ltr'>carus.</span> <span class='ocrx_word' id='word_1_130' title='bbox 1795 2865 1868 2928; x_wconf 92' lang='lat' dir='ltr'>Iam</span> 
     </span>
     <span class='ocr_line' id='line_1_17' title="bbox 464 2966 1869 3051; baseline 0.003 -23"><span class='ocrx_word' id='word_1_131' title='bbox 464 2966 569 3041; x_wconf 90' lang='lat' dir='ltr'>vide0,</span> <span class='ocrx_word' id='word_1_132' title='bbox 598 2989 664 3032; x_wconf 93' lang='lat' dir='ltr'>non</span> <span class='ocrx_word' id='word_1_133' title='bbox 688 2988 772 3051; x_wconf 94' lang='lat' dir='ltr'>opus</span> <span class='ocrx_word' id='word_1_134' title='bbox 799 2970 1026 3033; x_wconf 88' lang='lat' dir='ltr'>admonitione</span> <span class='ocrx_word' id='word_1_135' title='bbox 1052 2969 1160 3046; x_wconf 91' lang='lat' dir='ltr'>fuisse,</span> <span class='ocrx_word' id='word_1_136' title='bbox 1185 2978 1287 3050; x_wconf 86' lang='lat' dir='ltr'>teque</span> <span class='ocrx_word' id='word_1_137' title='bbox 1311 2969 1483 3032; x_wconf 88' lang='lat' dir='ltr'>absentem</span> <span class='ocrx_word' id='word_1_138' title='bbox 1510 2979 1543 3032; x_wconf 91' lang='lat' dir='ltr'>et</span> <span class='ocrx_word' id='word_1_139' title='bbox 1571 2969 1743 3050; x_wconf 91' lang='lat' dir='ltr'>multiplici</span> <span class='ocrx_word' id='word_1_140' title='bbox 1768 2989 1869 3051; x_wconf 84' lang='lat' dir='ltr'>nego-</span> 
     </span>
     <span class='ocr_line' id='line_1_18' title="bbox 464 3069 1868 3155; baseline 0.001 -22"><span class='ocrx_word' id='word_1_141' title='bbox 464 3069 585 3134; x_wconf 90' lang='lat' dir='ltr'>tiorum</span> <span class='ocrx_word' id='word_1_142' title='bbox 615 3093 735 3154; x_wconf 89' lang='lat' dir='ltr'>genere</span> <span class='ocrx_word' id='word_1_143' title='bbox 765 3072 930 3150; x_wconf 92' lang='lat' dir='ltr'>obrutum,</span> <span class='ocrx_word' id='word_1_144' title='bbox 963 3083 1051 3136; x_wconf 91' lang='lat' dir='ltr'>certe</span> <span class='ocrx_word' id='word_1_145' title='bbox 1081 3072 1264 3136; x_wconf 89' lang='lat' dir='ltr'>distentum</span> <span class='ocrx_word' id='word_1_146' title='bbox 1295 3082 1328 3136; x_wconf 89' lang='lat' dir='ltr'>et</span> <span class='ocrx_word' id='word_1_147' title='bbox 1362 3073 1569 3155; x_wconf 90' lang='lat' dir='ltr'>impeditum,</span> <span class='ocrx_word' id='word_1_148' title='bbox 1598 3093 1725 3135; x_wconf 88' lang='lat' dir='ltr'>servare</span> <span class='ocrx_word' id='word_1_149' title='bbox 1755 3081 1868 3135; x_wconf 89' lang='lat' dir='ltr'>tamen</span> 
     </span>
     <span class='ocr_line' id='line_1_19' title="bbox 464 3173 1868 3258; baseline 0.002 -23"><span class='ocrx_word' id='word_1_150' title='bbox 464 3173 729 3238; x_wconf 87' lang='lat' dir='ltr'>benevolentiam</span> <span class='ocrx_word' id='word_1_151' title='bbox 754 3196 831 3258; x_wconf 86' lang='lat' dir='ltr'>erga</span> <span class='ocrx_word' id='word_1_152' title='bbox 855 3197 917 3254; x_wconf 88' lang='lat' dir='ltr'>me,</span> <span class='ocrx_word' id='word_1_153' title='bbox 941 3185 975 3239; x_wconf 94' lang='lat' dir='ltr'>et</span> <span class='ocrx_word' id='word_1_154' title='bbox 999 3176 1139 3239; x_wconf 91' lang='lat' dir='ltr'>retinere</span> <span class='ocrx_word' id='word_1_155' title='bbox 1169 3177 1364 3239; x_wconf 88' lang='lat' dir='ltr'>memoriam</span> <span class='ocrx_word' id='word_1_156' title='bbox 1387 3177 1544 3258; x_wconf 91' lang='lat' dir='ltr'>pristinae</span> <span class='ocrx_word' id='word_1_157' title='bbox 1567 3175 1812 3239; x_wconf 91' lang='lat' dir='ltr'>consuetudinis</span> <span class='ocrx_word' id='word_1_158' title='bbox 1835 3185 1868 3238; x_wconf 90' lang='lat' dir='ltr'>et</span> 
     </span>
     <span class='ocr_line' id='line_1_20' title="bbox 464 3275 1867 3362; baseline 0.002 -24"><span class='ocrx_word' id='word_1_159' title='bbox 464 3275 706 3343; x_wconf 86' lang='lat' dir='ltr'>familiaritatis.</span> <span class='ocrx_word' id='word_1_160' title='bbox 754 3279 831 3342; x_wconf 91' lang='lat' dir='ltr'>Hoc</span> <span class='ocrx_word' id='word_1_161' title='bbox 853 3300 924 3362; x_wconf 87' lang='lat' dir='ltr'>age,</span> <span class='ocrx_word' id='word_1_162' title='bbox 943 3281 1032 3362; x_wconf 94' lang='lat' dir='ltr'>quod</span> <span class='ocrx_word' id='word_1_163' title='bbox 1048 3280 1127 3362; x_wconf 86' lang='lat' dir='ltr'>agis,</span> <span class='ocrx_word' id='word_1_164' title='bbox 1147 3299 1224 3342; x_wconf 90' lang='lat' dir='ltr'>nam</span> <span class='ocrx_word' id='word_1_165' title='bbox 1247 3279 1274 3342; x_wconf 92' lang='lat' dir='ltr'>si</span> <span class='ocrx_word' id='word_1_166' title='bbox 1299 3280 1378 3343; x_wconf 92' lang='lat' dir='ltr'>mihi</span> <span class='ocrx_word' id='word_1_167' title='bbox 1395 3279 1588 3362; x_wconf 89' lang='lat' dir='ltr'>impetrabis</span> <span class='ocrx_word' id='word_1_168' title='bbox 1607 3279 1697 3360; x_wconf 91' lang='lat' dir='ltr'>quod</span> <span class='ocrx_word' id='word_1_169' title='bbox 1715 3279 1867 3360; x_wconf 89' lang='lat' dir='ltr'>petimus,</span> 
     </span>
     <span class='ocr_line' id='line_1_21' title="bbox 463 3379 1868 3465; baseline 0.002 -23"><span class='ocrx_word' id='word_1_170' title='bbox 463 3379 564 3462; x_wconf 93' lang='lat' dir='ltr'>idque</span> <span class='ocrx_word' id='word_1_171' title='bbox 591 3392 726 3460; x_wconf 89' lang='lat' dir='ltr'>certum,</span> <span class='ocrx_word' id='word_1_172' title='bbox 756 3384 857 3464; x_wconf 91' lang='lat' dir='ltr'>idque</span> <span class='ocrx_word' id='word_1_173' title='bbox 883 3382 973 3459; x_wconf 90' lang='lat' dir='ltr'>mihi,</span> <span class='ocrx_word' id='word_1_174' title='bbox 1002 3403 1068 3446; x_wconf 93' lang='lat' dir='ltr'>non</span> <span class='ocrx_word' id='word_1_175' title='bbox 1098 3384 1240 3465; x_wconf 90' lang='lat' dir='ltr'>posteris</span> <span class='ocrx_word' id='word_1_176' title='bbox 1270 3384 1361 3457; x_wconf 88' lang='lat' dir='ltr'>meis,</span> <span class='ocrx_word' id='word_1_177' title='bbox 1391 3382 1618 3462; x_wconf 90' lang='lat' dir='ltr'>obventurum,</span> <span class='ocrx_word' id='word_1_178' title='bbox 1646 3383 1736 3446; x_wconf 89' lang='lat' dir='ltr'>dices</span> <span class='ocrx_word' id='word_1_179' title='bbox 1760 3383 1868 3446; x_wconf 91' lang='lat' dir='ltr'>amico</span> 
     </span>
     <span class='ocr_line' id='line_1_22' title="bbox 463 3485 1868 3569; baseline -0.001 -21"><span class='ocrx_word' id='word_1_180' title='bbox 463 3485 651 3566; x_wconf 83' lang='lat' dir='ltr'>gratissimo</span> <span class='ocrx_word' id='word_1_181' title='bbox 681 3495 715 3549; x_wconf 89' lang='lat' dir='ltr'>te</span> <span class='ocrx_word' id='word_1_182' title='bbox 741 3488 959 3569; x_wconf 88' lang='lat' dir='ltr'>prospexisse,</span> <span class='ocrx_word' id='word_1_183' title='bbox 984 3497 1017 3550; x_wconf 93' lang='lat' dir='ltr'>et</span> <span class='ocrx_word' id='word_1_184' title='bbox 1044 3507 1175 3550; x_wconf 88' lang='lat' dir='ltr'>curasse</span> <span class='ocrx_word' id='word_1_185' title='bbox 1193 3486 1287 3551; x_wconf 90' lang='lat' dir='ltr'>bene.</span> <span class='ocrx_word' id='word_1_186' title='bbox 1334 3487 1432 3551; x_wconf 94' lang='lat' dir='ltr'>Nunc</span> <span class='ocrx_word' id='word_1_187' title='bbox 1460 3488 1607 3569; x_wconf 88' lang='lat' dir='ltr'>(quando</span> <span class='ocrx_word' id='word_1_188' title='bbox 1637 3496 1670 3550; x_wconf 91' lang='lat' dir='ltr'>et</span> <span class='ocrx_word' id='word_1_189' title='bbox 1696 3486 1759 3549; x_wconf 93' lang='lat' dir='ltr'>hoc</span> <span class='ocrx_word' id='word_1_190' title='bbox 1786 3486 1868 3548; x_wconf 91' lang='lat' dir='ltr'>scire</span> 
     </span>
     <span class='ocr_line' id='line_1_23' title="bbox 464 3584 1868 3676; baseline -0.002 -24"><span class='ocrx_word' id='word_1_191' title='bbox 464 3584 570 3676; x_wconf 92' lang='lat' dir='ltr'>cupis)</span> <span class='ocrx_word' id='word_1_192' title='bbox 594 3609 749 3672; x_wconf 89' lang='lat' dir='ltr'>paramus</span> <span class='ocrx_word' id='word_1_193' title='bbox 779 3611 839 3654; x_wconf 95' lang='lat' dir='ltr'>nos</span> <span class='ocrx_word' id='word_1_194' title='bbox 869 3592 912 3654; x_wconf 90' lang='lat' dir='ltr'>ad</span> <span class='ocrx_word' id='word_1_195' title='bbox 937 3589 1091 3666; x_wconf 91' lang='lat' dir='ltr'>Comitia,</span> <span class='ocrx_word' id='word_1_196' title='bbox 1116 3591 1148 3653; x_wconf 94' lang='lat' dir='ltr'>in</span> <span class='ocrx_word' id='word_1_197' title='bbox 1173 3589 1292 3671; x_wconf 91' lang='lat' dir='ltr'>quibus</span> <span class='ocrx_word' id='word_1_198' title='bbox 1316 3591 1457 3654; x_wconf 90' lang='lat' dir='ltr'>creditur</span> <span class='ocrx_word' id='word_1_199' title='bbox 1483 3592 1606 3655; x_wconf 90' lang='lat' dir='ltr'>scilicet</span> <span class='ocrx_word' id='word_1_200' title='bbox 1633 3609 1699 3653; x_wconf 94' lang='lat' dir='ltr'>non</span> <span class='ocrx_word' id='word_1_201' title='bbox 1726 3597 1868 3652; x_wconf 88' lang='lat' dir='ltr'>staturos</span> 
     </span>
    </p>
   </div>
   <div class='ocr_carea' id='block_1_7' title="bbox 460 3917 1867 4693">
    <p class='ocr_par' dir='ltr' id='par_1_7' title="bbox 461 3917 1867 4297">
     <span class='ocr_line' id='line_1_24' title="bbox 461 3917 1866 4007; baseline -0.002 -24"><span class='ocrx_word' id='word_1_202' title='bbox 461 3920 683 4007; x_wconf 63' lang='lat' dir='ltr'>Flmdzluocu]</span> <span class='ocrx_word' id='word_1_203' title='bbox 692 3933 719 3984; x_wconf 84' lang='lat' dir='ltr'>e!</span> <span class='ocrx_word' id='word_1_204' title='bbox 727 3922 823 3984; x_wconf 82' lang='lat' dir='ltr'>laudes</span> <span class='ocrx_word' id='word_1_205' title='bbox 831 3923 996 3984; x_wconf 76' lang='lat' dir='ltr'>Academrize</span> <span class='ocrx_word' id='word_1_206' title='bbox 1008 3923 1102 3984; x_wconf 79' lang='lat' dir='ltr'>Oxou.</span> <span class='ocrx_word' id='word_1_207' title='bbox 1114 3927 1144 3982; x_wconf 84' lang='lat' dir='ltr'>in</span> <span class='ocrx_word' id='word_1_208' title='bbox 1158 3927 1275 3984; x_wconf 80' lang='lat' dir='ltr'>comz&#39;lz&#39;z&#39;s</span> <span class='ocrx_word' id='word_1_209' title='bbox 1284 3923 1403 3983; x_wconf 82' lang='lat' dir='ltr'>Elzom&#39;s</span> <span class='ocrx_word' id='word_1_210' title='bbox 1416 3922 1538 3982; x_wconf 56' lang='lat' dir='ltr'>Ilerdae</span> <span class='ocrx_word' id='word_1_211' title='bbox 1550 3917 1679 4005; x_wconf 71' lang='lat' dir='ltr'>[uocrnl.</span> <span class='ocrx_word' id='word_1_212' title='bbox 1701 3921 1866 3992; x_wconf 85' lang='lat' dir='ltr'>Hanouiae,</span> 
     </span>
     <span class='ocr_line' id='line_1_25' title="bbox 462 4021 1867 4101; baseline -0.003 -19"><span class='ocrx_word' id='word_1_213' title='bbox 462 4039 562 4083; x_wconf 77' lang='lat' dir='ltr'>nocrv.</span> <span class='ocrx_word' id='word_1_214' title='bbox 605 4023 789 4101; x_wconf 91' lang='lat' dir='ltr'>Opusculum</span> <span class='ocrx_word' id='word_1_215' title='bbox 804 4023 861 4083; x_wconf 92' lang='lat' dir='ltr'>hoc</span> <span class='ocrx_word' id='word_1_216' title='bbox 876 4041 946 4083; x_wconf 85' lang='lat' dir='ltr'>mox</span> <span class='ocrx_word' id='word_1_217' title='bbox 961 4023 991 4082; x_wconf 92' lang='lat' dir='ltr'>in</span> <span class='ocrx_word' id='word_1_218' title='bbox 1006 4024 1101 4082; x_wconf 90' lang='lat' dir='ltr'>lucem</span> <span class='ocrx_word' id='word_1_219' title='bbox 1117 4021 1213 4083; x_wconf 90' lang='lat' dir='ltr'>denuo</span> <span class='ocrx_word' id='word_1_220' title='bbox 1227 4023 1408 4100; x_wconf 91' lang='lat' dir='ltr'>proditurum</span> <span class='ocrx_word' id='word_1_221' title='bbox 1424 4039 1518 4099; x_wconf 90' lang='lat' dir='ltr'>spero,</span> <span class='ocrx_word' id='word_1_222' title='bbox 1533 4023 1691 4080; x_wconf 87' lang='lat' dir='ltr'>adcurante</span> <span class='ocrx_word' id='word_1_223' title='bbox 1708 4021 1821 4096; x_wconf 87' lang='lat' dir='ltr'>collega</span> <span class='ocrx_word' id='word_1_224' title='bbox 1839 4030 1867 4078; x_wconf 92' lang='lat' dir='ltr'>et</span> 
     </span>
     <span class='ocr_line' id='line_1_26' title="bbox 461 4118 1867 4198; baseline -0.001 -19"><span class='ocrx_word' id='word_1_225' title='bbox 461 4121 558 4181; x_wconf 89' lang='lat' dir='ltr'>amico</span> <span class='ocrx_word' id='word_1_226' title='bbox 573 4141 641 4182; x_wconf 90' lang='lat' dir='ltr'>meo</span> <span class='ocrx_word' id='word_1_227' title='bbox 656 4123 826 4182; x_wconf 89' lang='lat' dir='ltr'>doctissimo</span> <span class='ocrx_word' id='word_1_228' title='bbox 842 4121 958 4182; x_wconf 91' lang='lat' dir='ltr'>Comite</span> <span class='ocrx_word' id='word_1_229' title='bbox 970 4121 1109 4198; x_wconf 87' lang='lat' dir='ltr'>Cipriani,</span> <span class='ocrx_word' id='word_1_230' title='bbox 1125 4123 1154 4180; x_wconf 93' lang='lat' dir='ltr'>in</span> <span class='ocrx_word' id='word_1_231' title='bbox 1166 4123 1328 4181; x_wconf 84' lang='lat' dir='ltr'>Academia</span> <span class='ocrx_word' id='word_1_232' title='bbox 1343 4121 1483 4181; x_wconf 86' lang='lat' dir='ltr'>Perusina</span> <span class='ocrx_word' id='word_1_233' title='bbox 1498 4119 1665 4178; x_wconf 84' lang='lat' dir='ltr'>Professore</span> <span class='ocrx_word' id='word_1_234' title='bbox 1681 4128 1709 4178; x_wconf 93' lang='lat' dir='ltr'>et</span> <span class='ocrx_word' id='word_1_235' title='bbox 1724 4118 1867 4178; x_wconf 87' lang='lat' dir='ltr'>facultatis</span> 
     </span>
     <span class='ocr_line' id='line_1_27' title="bbox 462 4220 870 4297; baseline 0.005 -19"><span class='ocrx_word' id='word_1_236' title='bbox 462 4220 710 4297; x_wconf 89' lang='lat' dir='ltr'>Iurisprudentiae</span> <span class='ocrx_word' id='word_1_237' title='bbox 727 4221 870 4281; x_wconf 87' lang='lat' dir='ltr'>Praeside.</span> 
     </span>
    </p>

    <p class='ocr_par' dir='ltr' id='par_1_8' title="bbox 503 4318 1024 4396">
     <span class='ocr_line' id='line_1_28' title="bbox 503 4318 1024 4396; baseline 0.002 -18"><span class='ocrx_word' id='word_1_238' title='bbox 503 4318 512 4351; x_wconf 88' lang='lat'>¹</span> <span class='ocrx_word' id='word_1_239' title='bbox 535 4319 604 4378; x_wconf 86' lang='lat' dir='ltr'>Stat.</span> <span class='ocrx_word' id='word_1_240' title='bbox 621 4319 677 4379; x_wconf 90' lang='lat' dir='ltr'>Tit.</span> <span class='ocrx_word' id='word_1_241' title='bbox 694 4319 739 4392; x_wconf 91' lang='lat' dir='ltr'>vii,</span> <span class='ocrx_word' id='word_1_242' title='bbox 755 4330 826 4380; x_wconf 92' lang='lat' dir='ltr'>sect.</span> <span class='ocrx_word' id='word_1_243' title='bbox 842 4321 860 4390; x_wconf 86' lang='lat' dir='ltr'>i,</span> <span class='ocrx_word' id='word_1_244' title='bbox 875 4319 904 4396; x_wconf 61' lang='grc' dir='ltr'>ξς</span> <span class='ocrx_word' id='word_1_245' title='bbox 918 4333 963 4394; x_wconf 88' lang='lat'>15,</span> <span class='ocrx_word' id='word_1_246' title='bbox 979 4323 1024 4379; x_wconf 88' lang='lat'>16.</span> 
     </span>
    </p>

    <p class='ocr_par' dir='ltr' id='par_1_9' title="bbox 460 4414 1867 4693">
     <span class='ocr_line' id='line_1_29' title="bbox 502 4414 1865 4492; baseline -0.005 -16"><span class='ocrx_word' id='word_1_247' title='bbox 502 4418 513 4451; x_wconf 75' lang='lat'>²</span> <span class='ocrx_word' id='word_1_248' title='bbox 536 4417 684 4478; x_wconf 89' lang='lat' dir='ltr'>Iohannes</span> <span class='ocrx_word' id='word_1_249' title='bbox 704 4417 817 4492; x_wconf 89' lang='lat' dir='ltr'>Benett,</span> <span class='ocrx_word' id='word_1_250' title='bbox 838 4438 874 4477; x_wconf 84' lang='lat' dir='ltr'>ex</span> <span class='ocrx_word' id='word_1_251' title='bbox 893 4418 979 4476; x_wconf 87' lang='lat' dir='ltr'>Aede</span> <span class='ocrx_word' id='word_1_252' title='bbox 1003 4417 1118 4488; x_wconf 90' lang='lat' dir='ltr'>Christi,</span> <span class='ocrx_word' id='word_1_253' title='bbox 1140 4417 1263 4491; x_wconf 77' lang='lat' dir='ltr'>gradum</span> <span class='ocrx_word' id='word_1_254' title='bbox 1288 4417 1413 4492; x_wconf 88' lang='lat' dir='ltr'>suscepit</span> <span class='ocrx_word' id='word_1_255' title='bbox 1439 4415 1461 4473; x_wconf 94' lang='grc' dir='ltr'>Ι.</span> <span class='ocrx_word' id='word_1_256' title='bbox 1484 4414 1518 4473; x_wconf 84' lang='lat' dir='ltr'>C.</span> <span class='ocrx_word' id='word_1_257' title='bbox 1540 4414 1577 4472; x_wconf 91' lang='lat' dir='ltr'>D.</span> <span class='ocrx_word' id='word_1_258' title='bbox 1602 4431 1681 4473; x_wconf 89' lang='lat' dir='ltr'>anno</span> <span class='ocrx_word' id='word_1_259' title='bbox 1705 4431 1865 4472; x_wconf 78' lang='lat' dir='ltr'>uorxxxrx.</span> 
     </span>
     <span class='ocr_line' id='line_1_30' title="bbox 460 4511 1867 4595; baseline -0.004 -22"><span class='ocrx_word' id='word_1_260' title='bbox 460 4513 532 4575; x_wconf 89' lang='lat' dir='ltr'>Erat</span> <span class='ocrx_word' id='word_1_261' title='bbox 555 4516 778 4595; x_wconf 88' lang='lat' dir='ltr'>Archiepiscopi</span> <span class='ocrx_word' id='word_1_262' title='bbox 805 4516 1003 4575; x_wconf 89' lang='lat' dir='ltr'>Eboracensis</span> <span class='ocrx_word' id='word_1_263' title='bbox 1028 4514 1162 4573; x_wconf 84' lang='lat' dir='ltr'>Uicarius</span> <span class='ocrx_word' id='word_1_264' title='bbox 1191 4515 1344 4590; x_wconf 86' lang='lat' dir='ltr'>generalis,</span> <span class='ocrx_word' id='word_1_265' title='bbox 1368 4513 1501 4590; x_wconf 89' lang='lat' dir='ltr'>Reginae</span> <span class='ocrx_word' id='word_1_266' title='bbox 1526 4517 1633 4573; x_wconf 86' lang='lat' dir='ltr'>Annae</span> <span class='ocrx_word' id='word_1_267' title='bbox 1660 4511 1867 4581; x_wconf 89' lang='lat' dir='ltr'>Cancellarius,</span> 
     </span>
     <span class='ocr_line' id='line_1_31' title="bbox 461 4611 1702 4693; baseline -0.004 -21"><span class='ocrx_word' id='word_1_268' title='bbox 461 4625 565 4691; x_wconf 87' lang='lat' dir='ltr'>postea</span> <span class='ocrx_word' id='word_1_269' title='bbox 579 4635 669 4693; x_wconf 91' lang='lat' dir='ltr'>eques</span> <span class='ocrx_word' id='word_1_270' title='bbox 684 4627 712 4675; x_wconf 91' lang='lat' dir='ltr'>et</span> <span class='ocrx_word' id='word_1_271' title='bbox 727 4617 833 4676; x_wconf 89' lang='lat' dir='ltr'>Curiae</span> <span class='ocrx_word' id='word_1_272' title='bbox 848 4614 1072 4690; x_wconf 87' lang='lat' dir='ltr'>Praerogatiuae</span> <span class='ocrx_word' id='word_1_273' title='bbox 1088 4611 1296 4674; x_wconf 78' lang='lat' dir='ltr'>Cantuarensis</span> <span class='ocrx_word' id='word_1_274' title='bbox 1312 4615 1412 4673; x_wconf 85' lang='lat' dir='ltr'>Iudex.</span> <span class='ocrx_word' id='word_1_275' title='bbox 1457 4612 1537 4672; x_wconf 89' lang='lat' dir='ltr'>Obiit</span> <span class='ocrx_word' id='word_1_276' title='bbox 1553 4630 1702 4672; x_wconf 77' lang='lat' dir='ltr'>nrocxxvn.</span> 
     </span>
    </p>
   </div>
   <div class='ocr_carea' id='block_1_8' title="bbox 1559 4803 1864 4817">
    <p class='ocr_par' dir='ltr' id='par_1_10' title="bbox 1559 4803 1864 4817">
     <span class='ocr_line' id='line_1_32' title="bbox 1559 4803 1864 4817; baseline 0.003 0"><span class='ocrx_word' id='word_1_277' title='bbox 1559 4803 1864 4817; x_wconf 73' lang='grc' dir='ltr'><strong>-σ--“--““</strong></span> 
     </span>
    </p>
   </div>
   <div class='ocr_carea' id='block_1_9' title="bbox 0 0 2254 5566">
    <p class='ocr_par' dir='ltr' id='par_1_11' title="bbox 0 0 2254 5566">
     <span class='ocr_line' id='line_1_33' title="bbox 0 0 2254 5566; baseline 0 3"><span class='ocrx_word' id='word_1_278' title='bbox 0 0 2254 5566; x_wconf 95' lang='lat' dir='ltr'> </span> 
     </span>
    </p>
   </div>
  </div>
 </body>
</html>
