4496 5578
737 751 798 803 DE
826 752 929 806 IURE
958 753 1092 821 BELLI,
1124 753 1202 809 LIB.
1225 755 1250 823 I,
1282 755 1368 808 CAP.
1392 755 1447 808 XI.
1748 763 1791 826 49

392 990 610 1071 Marchiones,
630 992 786 1072 Comites,
805 995 959 1073 Barones,
978 997 1035 1078 qui
1058 1015 1123 1060 non
1145 995 1219 1078 plus
1239 995 1364 1059 habent
1385 995 1417 1058 in
1439 995 1607 1071 Marchiis,
1625 1004 1659 1058 et
1681 994 1792 1059 Corni-

390 1103 515 1166 tatibus
537 1103 770 1168 iurisdictionis
793 1115 827 1169 et
849 1106 985 1189 imperii,
1009 1127 1109 1189 quarn
1135 1106 1177 1170 de
1202 1105 1327 1189 populo
1349 1105 1434 1168 alius
1443 1103 1464 1170 ¹.
1509 1104 1686 1169 ‘Liberae’
1708 1126 1794 1188 quae

391 1213 600 1295 appellantur
617 1215 787 1279 ‘ciuitates
810 1215 1027 1294 Germaniae,'
1046 1216 1123 1281 illae
1146 1225 1231 1295 sunt,
1250 1236 1336 1299 quae
1359 1217 1638 1298 praestationibus
1660 1217 1794 1299 quibus-

392 1323 480 1402 dam,
498 1333 535 1387 ut
557 1325 736 1406 plurimum
758 1329 961 1409 pecuniariis
979 1328 1158 1393 obstrictae
1182 1328 1386 1410 Imperatori,
1406 1328 1448 1390 de
1471 1327 1597 1409 reliquo
1620 1337 1738 1409 regunt
1758 1349 1794 1392 se

392 1435 480 1516 ipsas
496 1437 628 1517 penitus
636 1435 658 1500 ².
712 1437 828 1520 Atque
846 1439 892 1502 ita
907 1440 941 1502 in
959 1440 1129 1520 proposito
1145 1448 1235 1502 certa
1251 1437 1364 1520 regula
1380 1438 1482 1501 uideri
1503 1446 1623 1519 potest,
1639 1447 1675 1502 ut
1693 1439 1720 1500 si
1736 1440 1792 1521 qui

392 1565 427 1608 re
448 1547 520 1627 ipsa
542 1548 684 1611 retinent
706 1548 873 1629 publicam
896 1550 1057 1613 rationem
1080 1559 1114 1613 et
1136 1550 1290 1631 speciem,
1308 1547 1342 1610 hi
1365 1549 1487 1612 subditi
1514 1548 1580 1612 sint
1602 1549 1636 1610 in
1659 1549 1793 1631 quibusss

392 1658 490 1722 dam:
517 1668 575 1722 aut
601 1659 643 1722 de
669 1670 799 1724 caetero
824 1661 956 1738 subditi,
978 1659 1012 1722 hi
1039 1661 1073 1723 in
1097 1660 1297 1743 quibusdam
1320 1661 1386 1723 sint
1413 1680 1472 1724 nec
1499 1659 1632 1723 subditi.
1686 1660 1732 1723 Et
1759 1661 1792 1722 in

391 1769 489 1849 priori
508 1788 594 1848 casu,
610 1771 671 1833 nisi
691 1771 803 1853 religio
822 1779 964 1852 excepta
986 1771 1178 1850 ostenditur,
1195 1773 1329 1835 omnino
1351 1792 1411 1835 nec
1431 1771 1560 1834 obtinet
1579 1769 1728 1834 definitio
1750 1772 1792 1834 de

392 1879 542 1944 cedendo
558 1881 764 1962 magistratui
780 1903 920 1946 summo.
951 1885 1140 1965 posteriore,
1156 1884 1272 1947 itidem
1296 1883 1356 1945 nisi
1380 1881 1494 1965 religio
1518 1892 1660 1964 excepta
1682 1892 1793 1946 osten-

392 1989 488 2068 ditur,
507 1991 699 2056 defendeter
716 1993 800 2057 forte
821 1993 977 2073 definitio,
997 2003 1033 2057 ut
1056 1996 1262 2076 magistratui
1285 1994 1471 2058 cedendum
1492 1993 1542 2056 sit.
1598 1993 1687 2056 Nam
1710 1995 1793 2058 ratio

389 2101 557 2183 utriusque
580 2104 797 2169 conclusionis
816 2105 952 2184 uidetur,
971 2105 1060 2188 quod
1083 2106 1238 2188 exceptio
1261 2113 1387 2169 statuat
1409 2103 1557 2188 regulam
1582 2105 1616 2167 in
1639 2126 1706 2169 non
1730 2127 1791 2170 ex-

392 2213 504 2292 ceptis.
549 2213 751 2280 ‘Obstrictio
774 2216 807 2278 in
829 2217 1026 2299 quibusdam
1050 2217 1180 2280 uidetur
1201 2237 1221 2280 a
1244 2217 1380 2280 caeteris
1403 2215 1561 2290 liberare,’
1578 2224 1616 2279 ut
1638 2227 1717 2300 apte
1738 2216 1791 2281 hic

392 2322 518 2386 dictum
536 2324 619 2390 est³.
663 2327 709 2389 Et
729 2327 820 2390 locus
838 2327 1004 2391 subiectus
1025 2327 1122 2390 certis
1145 2328 1251 2409 pactis
1266 2337 1300 2390 et
1323 2327 1574 2405 conditionibus,
1598 2327 1631 2389 in
1654 2329 1792 2392 caeteris

394 2443 505 2498 manet
522 2433 604 2499 liber
613 2435 636 2498 ⁴.
681 2437 728 2501 Et
743 2439 799 2519 qui
818 2457 853 2501 se
871 2438 1009 2501 subiecit
1028 2439 1061 2500 in
1078 2438 1285 2519 quibusdam,
1301 2438 1431 2501 uidetur
1449 2458 1484 2502 se
1502 2459 1649 2502 seruasse
1667 2439 1699 2501 in
1719 2438 1792 2503 reli·

392 2544 465 2624 quis
487 2543 658 2611 liberunt
713 2547 781 2612 Sed
805 2557 855 2611 est
877 2557 989 2611 tamen
1012 2547 1169 2611 infirmior
1192 2548 1336 2612 secunda
1358 2547 1519 2612 collectio.
1565 2548 1732 2631 Quoniam
1755 2560 1792 2614 ut

392 2658 547 2739 exceptio
564 2667 688 2722 statuat
707 2659 854 2740 regulam
873 2661 906 2723 in
925 2660 1078 2723 omnibus
1097 2680 1164 2723 non
1182 2661 1350 2742 exceptis:
1381 2680 1447 2724 non
1466 2669 1580 2722 tamen
1599 2679 1713 2724 uerum
1732 2671 1793 2739 est,

392 2775 429 2829 ut
451 2768 512 2830 sub
534 2769 680 2851 regulam
704 2770 887 2849 concludat,
905 2771 995 2852 quod
1017 2770 1099 2834 alias
1122 2771 1312 2834 conclusum
1334 2790 1401 2834 non
1419 2770 1536 2833 loret⁶.
1581 2770 1697 2853 Atque
1719 2772 1792 2835 reli-

391 2877 498 2959 gionis
520 2899 653 2944 causam
675 2902 742 2945 non
762 2903 833 2945 esse
851 2881 1047 2961 conclusam,
1071 2882 1179 2946 uerius
1197 2881 1303 2946 luerit.
1334 2883 1411 2964 quia
1430 2881 1463 2945 in
1482 2883 1571 2945 omni
1590 2883 1793 2948 subiectione

392 2997 426 3052 et
448 2991 537 3053 omni
558 2993 766 3057 iureiurando
789 2994 931 3057 creditur
946 3014 1077 3076 semper
1091 2994 1235 3076 supremi
1252 2993 1411 3076 Principis
1431 2994 1608 3058 auctoritas
1626 3004 1793 3060 reseruata

393 3111 426 3164 et
452 3102 553 3170 salua.
584 3106 696 3187 itaque
723 3114 756 3169 et
783 3105 890 3169 cultus
921 3105 1024 3168 diuini
1055 3105 1138 3168 ratio
1148 3103 1171 3167 ⁷.
1232 3105 1372 3169 ‘Estote
1398 3105 1521 3169 subditi
1552 3101 1791 3188 potestatibus,'

392 3213 497 3296 inquit
522 3215 715 3299 Apostolus.
744 3217 835 3299 quod
862 3236 960 3280 nemo
987 3225 1100 3279 tamen
1127 3236 1194 3279 non
1221 3215 1452 3298 sicintelligit,
1476 3217 1586 3279 nisisi
1612 3216 1691 3298 quid
1715 3216 1791 3281 illae

390 3327 594 3408 praecipiant
612 3328 756 3392 alienum
777 3349 798 3391 a
817 3327 906 3392 cultu
927 3325 1024 3390 Dei⁸.
1070 3327 1116 3389 Et
1133 3324 1338 3390 Canonicum
1354 3328 1404 3391 ius
1419 3328 1519 3410 igitur
1534 3347 1599 3391 non
1620 3328 1708 3392 ualet
1726 3327 1789 3404 hic,

390 3437 480 3517 quod
508 3439 551 3502 de
576 3439 766 3521 Augustino
792 3440 881 3517 dicit,
905 3438 1063 3501 ‘Pactum
1090 3438 1257 3501 societatis
1284 3437 1448 3502 humanae
1475 3439 1635 3521 generale,
1658 3439 1790 3520 regibus

390 3547 575 3614 ‘obedire2’
599 3550 657 3614 sed
685 3551 791 3632 magis
817 3549 907 3632 quod
932 3549 1027 3612 affert
1051 3549 1093 3611 de
1121 3546 1291 3630 Gregorio,
1309 3551 1537 3614 admonendos
1560 3550 1719 3629 subditos,
1740 3571 1790 3628 ne,

390 3657 465 3739 plus
480 3680 580 3742 quam
598 3663 745 3744 expedit,
758 3663 822 3725 sint
838 3661 986 3724 subiecti.
1014 3660 1060 3722 Et
1075 3660 1108 3723 id
1123 3680 1229 3742 genus
1244 3659 1308 3724 alia
1323 3661 1473 3742 plurima,
1486 3671 1520 3725 et
1536 3662 1578 3725 de
1590 3662 1789 3744 Augustino,

390 3778 425 3833 et
443 3772 485 3834 de
501 3771 600 3836 aliis⁹.
646 3774 693 3836 Et
709 3793 787 3852 ergo
802 3774 845 3835 de
860 3770 1017 3852 religione
1033 3789 1164 3833 sensum
1183 3769 1264 3833 nihil
1280 3792 1352 3835 esse
1370 3773 1619 3848 existimaueris,
1639 3793 1790 3837 sermone

390 3889 557 3965 utcunque
586 3883 739 3966 generali.
769 3904 836 3965 quo
866 3902 932 3945 non
962 3881 995 3944 id
1026 3881 1218 3958 continetur,
1248 3883 1337 3962 quod
1364 3883 1419 3963 qui
1450 3882 1594 3964 loquitur
1619 3903 1788 3965 nunquam

390 3995 615 4074 expressisset,
633 4004 689 4058 aut
711 3993 876 4076 pollicitus
895 3993 1009 4056 suisset
1019 3991 1052 4056 ¹⁰.
1098 3991 1144 4054 Et
1164 3991 1231 4054 tale
1252 4000 1302 4054 est
1321 3992 1491 4074 negotium
1506 3993 1679 4074 religionis
1697 3996 1787 4075 quod

390 4102 474 4182 Deo,
498 4124 564 4168 non
590 4104 721 4169 Caesari
747 4104 931 4186 adprobare
953 4111 1093 4184 oportet.
1118 4102 1150 4164 in
1178 4121 1245 4182 quo
1272 4105 1420 4183 ‘oportet
1447 4103 1522 4166 Deo
1549 4105 1662 4187 magis,
1686 4125 1787 4187 quarn

388 4212 600 4279 ‘hominibus
622 4215 756 4280 obedire
765 4212 807 4279 1¹?
853 4214 1010 4297 Quinimo
1033 4213 1060 4274 si
1084 4212 1249 4294 religionis
1276 4232 1391 4276 caussa
1416 4234 1639 4297 expressaque
1663 4216 1787 4296 fuisset,

387 4428 395 4457 ¹
414 4429 475 4479 Dec.
489 4441 511 4490 3.
524 4444 591 4481 cons.
606 4445 649 4495 19;
661 4431 739 4496 Ceph.
751 4428 808 4494 615.
844 4428 935 4478 ’Guic
945 4438 969 4491 73
981 4427 1024 4477 Al.
1035 4428 1053 4476 1.
1062 4428 1156 4490 3.deu.
1166 4427 1191 4478 S.
1200 4427 1245 4492 (D.
1256 4441 1295 4490 50.
1305 4426 1355 4489 16).
1395 4428 1404 4458 ⁸
1416 4427 1470 4479 Bal.
1479 4443 1501 4492 5.
1511 4445 1577 4478 cons.
1586 4444 1647 4493 409;
1659 4429 1720 4480 Dec.
1733 4443 1787 4494 152.

511 4511 622 4562 Castald.
634 4514 665 4562 de
676 4515 740 4578 Imp.
755 4527 808 4576 159.
914 4511 923 4540 ⁵
940 4512 1014 4560 Rom.
1026 4525 1094 4560 cons.
1106 4525 1162 4574 444.
1265 4509 1276 4538 ⁶
1293 4511 1408 4562 Panorm.
1421 4527 1443 4560 c.
1453 4517 1545 4570 nostra,
1558 4511 1589 4559 de
1600 4511 1689 4575 sepult.

437 4592 446 4622 ²
463 4593 481 4642 l.
494 4593 539 4644 ult
550 4594 582 4644 de
593 4595 618 4644 in
630 4595 668 4645 ius
679 4611 734 4646 uoc.
748 4595 794 4658 (D.
807 4608 829 4643 a.
841 4595 869 4657 4)
878 4593 922 4644 ubi
933 4593 981 4643 Ias.
994 4591 1080 4642 etalii.
1201 4590 1210 4621 ¹
1227 4592 1301 4642 Rom.
1315 4605 1358 4654 13;
1376 4592 1439 4642 Dec.
1451 4607 1522 4641 serm.
1533 4600 1592 4657 post
1602 4608 1670 4642 cons.
1684 4606 1738 4656 151.

387 4675 429 4726 'a
444 4689 466 4724 π.
476 4675 535 4727 dist.
547 4677 576 4734 83
594 4693 616 4727 c.
628 4691 656 4740 51
670 4683 695 4728 et
706 4693 773 4743 seqq.
782 4690 820 4728 11.
832 4691 856 4741 q.
867 4691 889 4739 3.
949 4675 995 4724 ¹⁰1.
1008 4673 1031 4726 6.
1043 4674 1074 4723 de
1085 4674 1154 4739 pigo.
1168 4673 1213 4737 (D.
1225 4687 1262 4724 ro.
1275 4674 1315 4735 1);
1330 4673 1410 4738 Ceph.
1422 4688 1489 4724 cons.
1499 4671 1555 4736 642.
1614 4673 1630 4702 ¹¹
1642 4675 1700 4724 Act.
1712 4688 1735 4738 5.
1749 4689 1788 4742 ²9·

1077 4868 1105 4917 H
