4522 5570
710 791 772 844 DE
798 792 902 846 IURE
930 791 1064 858 BELH,
1094 791 1221 859 LIB.l,
1253 791 1339 846 CAP.
1362 791 1458 846 XXV.
1723 801 1781 848 121

383 1031 508 1096 bellum
536 1033 719 1097 inferebant
747 1033 900 1111 Romani,
927 1053 993 1096 non
1024 1033 1058 1094 id
1088 1033 1150 1095 sibi
1181 1036 1349 1097 duxerunt
1378 1033 1505 1097 licitum
1535 1052 1594 1114 per
1623 1028 1806 1114 quosdam'

383 1143 463 1207 dies.
493 1153 529 1207 at
543 1145 577 1206 in
593 1143 681 1208 bello
697 1144 894 1226 excipiendo
910 1143 1017 1206 nullus
1033 1143 1104 1207 dies
1119 1144 1275 1207 obstabat
1291 1144 1363 1223 illis,
1382 1144 1557 1226 quominus
1576 1142 1630 1207 uel
1645 1142 1786 1206 salutem

384 1253 436 1318 uel
460 1255 657 1337 dignitatem
680 1255 893 1319 defenderent
903 1253 923 1318 ¹.
969 1254 1053 1337 Quis
1074 1255 1161 1317 enim
1183 1255 1404 1319 obseruationi
1427 1254 1526 1334 locus,
1545 1275 1619 1318 cum
1643 1253 1786 1337 eligendi

383 1364 524 1430 facultas
550 1388 615 1432 non
642 1364 803 1450 supersit?
834 1375 867 1430 et
894 1364 1001 1428 simile
1027 1365 1130 1429 habes
1157 1363 1497 1430 Macchabaeorum2:
1538 1365 1693 1447 quicquid
1717 1363 1785 1428 Dio

383 1487 417 1540 et
436 1477 629 1543 Plutarchus
647 1479 800 1556 scribant,
818 1478 959 1542 Iudaeos
977 1477 1009 1540 in
1029 1497 1150 1560 magno
1174 1475 1348 1542 Sabbatho
1371 1497 1437 1542 non
1459 1497 1494 1541 se
1517 1477 1619 1540 domo
1643 1496 1786 1555 mouere,

383 1589 485 1652 etiam
510 1591 536 1654 si
560 1590 673 1654 hostes
696 1588 800 1653 scalas
826 1589 998 1653 moenibus
1021 1588 1265 1667 admouerunt3
1296 1599 1330 1652 et
1354 1590 1401 1652 ita
1424 1598 1560 1671 captum
1582 1608 1603 1651 a
1625 1587 1784 1671 Pompeio

383 1722 494 1764 eorum
517 1700 616 1765 luisse
636 1701 798 1784 templum
808 1700 830 1764 ³.
877 1701 922 1763 Et
943 1699 1116 1763 adeundus
1142 1700 1185 1762 de
1211 1699 1262 1762 his
1287 1700 1468 1782 Iosephus:
1499 1699 1555 1783 qui
1578 1699 1663 1762 inter
1683 1719 1785 1781 opera

383 1812 557 1895 distinguit
575 1813 720 1877 hostium
740 1811 825 1877 hic4.
871 1811 948 1877 Scio
972 1812 1114 1875 Baldum
1136 1812 1214 1874 alibi
1237 1812 1301 1877 hoc
1323 1812 1510 1894 improbare
1528 1812 1570 1874 de
1588 1811 1783 1875 iniustorum

382 1923 591 1988 defensione:
615 1934 649 1988 et
668 1926 701 1987 in
717 1945 757 1988 eo
778 1925 867 2007 quod
886 1924 1067 2006 probarunt
1085 1925 1323 2006 compositores
1341 1923 1418 1986 iuris
1434 1921 1582 2002 feudalis,
1597 1943 1663 1986 non
1679 1922 1784 1986 uereri

382 2033 455 2098 illos
473 2035 642 2118 appellare
663 2057 780 2120 pecora
790 2035 812 2100 ⁶.
859 2034 936 2099 Scio
951 2056 1037 2118 quae
1054 2035 1251 2116 generaliter
1271 2035 1385 2100 disseri
1406 2045 1521 2100 contra
1540 2043 1688 2117 possunt.
1732 2033 1783 2098 At

382 2145 524 2210 rationes
547 2157 679 2211 nostrae
701 2147 859 2230 speciales
880 2147 913 2210 id
936 2147 1089 2229 probant,
1109 2155 1142 2209 et
1162 2154 1253 2211 stant
1272 2168 1333 2229 pro
1351 2146 1415 2210 illis
1433 2147 1717 2230 compositoribus.
1748 2155 1782 2209 et

381 2277 442 2340 pro
465 2257 529 2320 illis
556 2259 657 2321 etiam
682 2259 856 2322 Barbatius
878 2258 1080 2341 disputauit:
1114 2258 1192 2339 quia
1213 2258 1320 2322 tutela
1341 2278 1407 2322 non
1431 2265 1481 2322 est
1504 2258 1634 2341 proprie
1656 2256 1782 2320 malefi-

381 2369 489 2432 cium:
520 2370 581 2433 etsi
609 2370 728 2432 iniusta
754 2369 901 2434 defensio
927 2379 977 2432 est
987 2370 1008 2434 ⁶.
1040 2380 1074 2434 et
1101 2371 1178 2453 quia
1202 2369 1305 2433 etiam
1335 2369 1467 2434 difficile
1492 2370 1544 2447 sit,
1567 2370 1610 2433 ad
1637 2389 1780 2452 unguem

381 2479 564 2544 discernere
586 2501 719 2545 caussas
737 2480 898 2544 bellorum
922 2481 1075 2560 occultas,
1094 2503 1161 2545 non
1179 2481 1303 2544 serente
1325 2481 1358 2544 id
1378 2490 1437 2546 aut
1456 2491 1606 2563 tempore
1623 2490 1681 2545 aut
1697 2480 1781 2560 loco,

380 2610 456 2654 cum
475 2592 508 2655 id
527 2613 632 2674 genus
649 2591 789 2675 reliquis.

425 2703 586 2766 Rationes
619 2703 715 2766 Baldi
747 2723 813 2766 non
849 2712 1006 2781 mouent3
1040 2724 1117 2767 nam
1147 2704 1267 2768 salsum
1303 2703 1357 2769 hic
1390 2713 1449 2782 est,
1482 2721 1548 2767 non
1578 2701 1676 2767 licere
1705 2723 1780 2784 pro-

379 2813 511 2896 pulsare
547 2814 733 2896 legitimum
769 2833 1007 2896 aggressorem.
1074 2815 1207 2879 Priuato
1243 2835 1310 2878 non
1347 2815 1432 2892 licet,
1463 2816 1530 2878 uim
1567 2814 1692 2878 domini
1730 2812 1779 2876 sui

379 2924 562 3007 legitimam
592 2946 613 2989 a
638 2946 682 3004 se,
707 2935 766 2989 aut
792 2925 834 2988 ab
864 2925 929 2989 alio
956 2925 1179 3008 propulsare⁷.
1234 2925 1290 2990 Sic
1323 2923 1451 3008 legibus
1482 2937 1516 2989 et
1539 2935 1676 2990 naturae
1702 2941 1780 2990 con-

378 3036 514 3100 trarium
548 3045 607 3113 est,
632 3036 758 3101 auxilio
789 3056 859 3099 esse
892 3037 1081 3101 scelerosis:
1114 3037 1293 3120 impeditur
1322 3037 1411 3101 enim
1441 3038 1584 3101 iustitiae
1617 3035 1779 3118 executio,

378 3168 463 3229 quae
500 3148 537 3211 fit
577 3168 636 3230 per
670 3148 911 3230 magistratum,
949 3147 1115 3230 publicam
1150 3167 1335 3230 personam.
1372 3149 1462 3230 quod
1500 3168 1567 3212 non
1609 3145 1779 3228 contingit,

376 3260 509 3340 quando
532 3279 633 3340 opera
655 3259 760 3334 datur,
780 3279 823 3322 ne
840 3259 913 3340 quis
935 3278 993 3341 per
1011 3252 1078 3320 uim
1101 3277 1267 3322 armorum
1286 3260 1387 3322 iratus
1406 3259 1468 3323 sibi
1487 3260 1537 3322 ius
1554 3257 1653 3323 dicat.
1692 3258 1778 3322 Item

377 3369 466 3450 quod
497 3369 600 3443 affert,
630 3390 703 3433 eam
734 3369 958 3433 defensionem
989 3369 1184 3433 iniustorum
1214 3389 1285 3433 esse
1311 3379 1426 3434 contra
1454 3371 1613 3434 iustitiam
1642 3378 1676 3434 et
1705 3369 1776 3432 ius:

375 3500 451 3543 cum
485 3481 566 3543 uelit
598 3481 730 3558 iustitia,
759 3500 855 3543 suum
887 3480 1003 3561 cuique
1034 3480 1152 3558 tribui3
1190 3489 1224 3543 et
1258 3480 1307 3543 ius
1336 3482 1379 3546 sit
1408 3501 1460 3545 ars
1489 3481 1568 3545 boni
1598 3490 1632 3546 et
1660 3481 1776 3564 aequi:

376 3590 409 3653 id
436 3610 496 3654 nec
523 3600 622 3655 nocet
647 3600 779 3655 nostrae
803 3589 1025 3654 conclusioni:
1057 3591 1214 3672 quoniam
1239 3590 1387 3656 defensio
1409 3613 1430 3654 a
1452 3592 1547 3656 nobis
1573 3613 1680 3674 neque
1704 3613 1776 3675 pro·

375 3701 455 3764 bata
477 3710 536 3780 est,
555 3701 617 3764 nisi
637 3721 721 3783 quae
742 3701 786 3764 ad
810 3701 969 3764 iustitiam
988 3701 1083 3764 etad
1105 3701 1310 3782 aequitatem
1329 3700 1409 3765 uelit
1428 3704 1495 3766 uim
1514 3712 1548 3767 et
1566 3722 1658 3767 arma
1675 3712 1776 3767 retra-

374 3810 462 3876 here.
508 3810 668 3876 Subditus
690 3832 750 3894 per
774 3831 828 3874 me
849 3821 981 3874 tenetur
1002 3831 1133 3893 semper
1154 3811 1246 3893 sequi
1270 3811 1452 3876 dominum.
1499 3813 1655 3879 Uasallus
1677 3814 1776 3878 debet

373 3922 407 3985 in
426 3923 545 3986 iniusta
563 3942 680 3986 caussa
698 3920 874 3985 defendere
892 3929 1043 3999 tantum;
1074 3921 1136 3984 etsi
1154 3921 1297 3985 uasallus
1314 3931 1447 3987 tenetur
1466 3923 1499 3986 in
1518 3923 1660 4006 amplius
1675 3945 1775 4006 quam

372 4031 551 4112 libertus⁸3
581 4041 615 4096 et
639 4031 776 4096 libertus
798 4031 831 4095 in
850 4031 992 4113 amplius
1013 4032 1097 4095 forte
1119 4051 1220 4115 quam
1243 4033 1402 4097 subditus.
1434 4035 1476 4098 de
1501 4055 1568 4117 quo
1594 4035 1774 4100 uidendum

373 4154 566 4209 esttamen.
611 4143 710 4206 Alius
732 4143 885 4226 princeps
905 4142 1062 4208 defendet
1080 4144 1182 4208 etiam
1205 4145 1344 4209 iniustos
1364 4146 1515 4210 subditos
1531 4145 1666 4210 alienos.
1712 4147 1775 4210 Dic

373 4277 451 4322 uero
473 4257 536 4322 tria
559 4257 667 4322 adhuc
690 4252 849 4337 exempla
868 4275 929 4337 pro
952 4256 1142 4337 supradicta
1163 4257 1393 4322 distinctione:
1417 4268 1450 4323 et
1466 4258 1518 4324 sac
1538 4257 1647 4324 finem.
1694 4255 1774 4323 Ger-

413 4507 420 4534 ¹
438 4507 516 4556 Maec.
531 4519 553 4556 1.
565 4506 616 4556 Sat.
630 4504 668 4554 16.
817 4503 827 4532 ²
844 4505 924 4554 Mace.
939 4520 960 4555 1.
1108 4505 1118 4534 ⁸
1136 4505 1195 4556 Dio.
1207 4505 1249 4554 lib.
1264 4506 1395 4569 37.c.16;
1413 4507 1478 4556 Plut.
1488 4509 1519 4557 de
1530 4508 1661 4573 Superst(
1680 4510 1732 4575 69).

471 4587 480 4615 ¹
496 4588 560 4638 lose.
572 4588 656 4651 Antiq.
672 4602 710 4650 14.
723 4601 744 4636 c.
757 4603 781 4650 4.
945 4587 955 4616 ⁵
975 4587 1029 4638 Bal.
1041 4605 1063 4638 c.
1078 4603 1099 4638 1.
1114 4587 1155 4637 bic
1166 4586 1191 4639 fi.
1205 4587 1248 4638 lec.
1414 4589 1424 4618 ⁸
1439 4591 1511 4640 Barb.
1523 4589 1555 4641 ad
1566 4590 1619 4641 Bal.
1631 4592 1673 4641 ibi.

599 4668 610 4698 ἵ
625 4668 642 4718 l.
654 4668 687 4717 ul.
700 4667 729 4717 C.
741 4683 770 4717 ne
783 4684 818 4719 sa.
830 4669 871 4718 be.
886 4669 937 4720 reit.
951 4672 986 4733 (1.
997 4669 1033 4732 6).
1157 4709 1163 4722 „
1307 4669 1316 4699 ⁸
1333 4670 1412 4735 Ceph.
1424 4687 1489 4721 cons.
1504 4673 1542 4722 18.

1063 4893 1088 4942 R
