4498 5566
725 809 786 863 na
813 809 918 865 runa
946 809 1079 878 antur,
1110 809 1236 878 aran,
1269 809 1355 864 cna.
1379 808 1437 864 m.
1740 817 1778 884 13

380 1045 611 1128 latronumque
634 1047 735 1112 duces
754 1046 893 1121 dicebat,
913 1047 970 1129 qui
993 1063 1058 1111 non
1082 1047 1168 1111 iusta
1189 1046 1268 1126 acie',
1289 1045 1350 1110 ‘sed
1372 1045 1642 1129 populationibus
1665 1053 1698 1110 et
1721 1055 1784 1110 exi

380 1158 592 1236 cursionibus,
608 1177 677 1222 rern
698 1165 833 1242 agerent
843 1155 864 1223 ¹.
895 1168 928 1223 et
950 1158 1029 1222 alibi
1052 1159 1140 1241 apud
1159 1159 1302 1236 Liuium,
1325 1158 1386 1221 ‘ab
1403 1157 1579 1242 Liguribus
1598 1157 1786 1224 latronibus

380 1274 388 1304 ⁸
402 1270 518 1350 uerius,
530 1291 630 1353 quam
645 1270 796 1335 hostibus
811 1271 922 1336 iustis!
945 1271 1112 1336 Uidelicet
1127 1272 1205 1354 quia
1219 1271 1310 1335 domi
1325 1271 1441 1353 inopes
1457 1270 1658 1336 incursarent
1673 1271 1785 1335 aliena

379 1393 515 1466 propter
533 1383 750 1448 domesticam
774 1385 928 1465 inopiam,
951 1394 984 1448 et
1008 1383 1231 1447 inuenirentur
1252 1383 1423 1460 difficilius,
1445 1403 1546 1465 quam
1566 1383 1783 1451 uincerentur.

380 1493 426 1560 Et
449 1495 534 1559 forte
558 1515 618 1560 nec
644 1497 726 1560 satis
752 1505 920 1560 seruantes
946 1496 1023 1560 iuris
1049 1505 1158 1560 essent
1182 1495 1310 1560 bellici:
1345 1494 1402 1577 qui
1428 1495 1578 1577 captiuos
1604 1495 1783 1579 aliquando

380 1604 609 1686 interfecerint,
636 1618 669 1672 et
696 1607 868 1673 lacerarint
894 1607 999 1673 foede.
1037 1609 1127 1691 quod
1158 1609 1201 1672 ad
1231 1606 1321 1672 aliud
1352 1607 1475 1671 iustum
1509 1607 1614 1688 magis
1643 1617 1783 1690 spectat.

381 1717 493 1783 Etiam
519 1718 735 1801 Thucydides
757 1720 878 1798 scribit,
902 1719 1032 1784 ‘Missis
1053 1721 1188 1803 triginta
1212 1720 1483 1802 nauibus,'rupta
1504 1729 1618 1802 aperte
1640 1718 1782 1786 foedera

380 1833 388 1864 ‘
403 1851 481 1894 nam
496 1833 539 1896 ad
556 1852 631 1896 eam
645 1832 734 1896 diem
751 1831 922 1897 latrocinia
937 1833 1048 1916 potius
1062 1835 1189 1916 agitata
1197 1831 1229 1898 ².'
1252 1833 1297 1897 Et
1314 1832 1348 1898 P.
1362 1832 1474 1896 Iouius
1489 1832 1531 1896 de
1546 1832 1684 1896 induciis
1699 1831 1783 1897 inter

382 1943 570 2026 Hungaros,
582 1950 615 2008 et
631 1944 767 2022 Turcas,
781 1945 857 2007 ‘Ex
873 1946 1056 2010 inueterata
1071 1946 1308 2010 consuetudine
1323 1945 1357 2008 in
1373 1944 1491 2008 finibus
1507 1945 1635 2008 minuta
1650 1943 1783 2026 proelia,

380 2058 388 2087 ‘
404 2065 438 2120 et
453 2056 730 2121 extraordinarias
745 2039 945 2121 incursiones
961 2058 1190 2136 admittebant,
1207 2057 1267 2120 nisi
1291 2056 1385 2120 iustis
1404 2056 1506 2140 copiis
1521 2075 1598 2120 cum
1614 2056 1701 2120 iusto
1716 2066 1784 2120 tor·

382 2175 592 2233 ‘mentorum
608 2168 783 2234 muralium
798 2180 959 2251 apparatu
981 2171 1031 2234 uis
1054 2169 1225 2234 inferretur
1234 2169 1266 2233 ³.'
1312 2169 1366 2232 De
1392 2189 1459 2250 quo
1485 2178 1519 2232 et
1539 2167 1717 2234 dicendum
1733 2177 1785 2234 est

381 2279 463 2344 libro
486 2281 592 2360 tertio,
607 2281 891 2363 quemadmodum
907 2292 1024 2346 contra
1044 2292 1170 2364 pacem,
1186 2291 1244 2346 aut
1259 2280 1375 2345 foedus
1391 2301 1456 2344 non
1473 2280 1540 2356 frat,
1557 2281 1585 2344 si
1601 2281 1686 2345 iusta
1701 2281 1783 2348 haec'

381 2393 431 2456 uis
452 2414 518 2456 non
539 2393 721 2457 intercedat
735 2413 911 2472 armorum,
927 2414 1013 2476 quae
1028 2411 1149 2476 magna
1165 2402 1223 2458 est.
1254 2403 1292 2458 ut
1308 2393 1393 2457 iusta
1416 2392 1567 2476 chiragra
1589 2404 1639 2458 est
1663 2413 1785 2477 magna

383 2506 532 2584 Horatio,
548 2506 580 2568 in
600 2505 730 2589 Satyris
739 2503 762 2571 ⁴.
806 2506 873 2570 Dio
896 2507 939 2570 de
962 2505 1099 2586 Parthis,
1116 2508 1243 2571 ‘Extra
1262 2528 1338 2571 suos
1358 2506 1440 2570 fines
1462 2505 1582 2589 pugnis
1604 2506 1784 2589 aliquando

381 2621 389 2648 ‘
405 2628 438 2683 et
454 2618 702 2682 excursionibus
714 2619 893 2702 repentinis
910 2619 1058 2683 nonnihil
1074 2628 1231 2702 egerunt:
1254 2629 1368 2684 tamen
1381 2621 1504 2683 iustum
1523 2618 1647 2683 bellum
1663 2640 1784 2702 gerere,

381 2732 464 2795 ‘nisi
480 2731 571 2796 domi
586 2752 665 2795 suae
686 2752 751 2796 non
774 2729 924 2796 ualent⁶.’
969 2728 1057 2796 Ecce
1081 2731 1204 2796 iustum
1227 2732 1281 2797 hic
1305 2730 1438 2797 bellurn.
1484 2729 1541 2796 Sic
1564 2732 1669 2796 iustus
1689 2737 1784 2796 exer-I

381 2841 464 2906 citus
474 2842 495 2906 ⁰.
537 2840 593 2906 Sic
609 2842 713 2906 iustus
730 2841 832 2905 miles.
878 2841 1015 2923 ‘Neque
1033 2841 1075 2905 ad
1092 2841 1284 2926 exemplum
1306 2842 1382 2906 iusti
1404 2842 1517 2907 militis
1535 2843 1712 2926 quicquam
1736 2842 1784 2907 eis

381 2958 537 3037 ‘praeter
551 2953 738 3019 libertatem
754 2955 887 3020 deesse’
923 2955 978 3020 Sic
991 2955 1096 3018 iustus
1108 2956 1199 3019 dux:
1218 2955 1404 3038 ‘Prosperis
1418 2955 1546 3038 aliquot
1562 2956 1784 3039 populationi-

381 3067 465 3132 ‘bus
489 3067 565 3133 iusti
590 3069 683 3132 ducis
709 3070 853 3152 speciem
878 3063 1036 3133 nactus⁷.’
1081 3066 1136 3133 Sic
1160 3069 1255 3144 iusta,
1279 3080 1313 3133 et
1336 3079 1424 3134 recta
1443 3089 1563 3152 pugna,
1586 3089 1673 3152 quae
1695 3070 1784 3134 acie·

381 3179 593 3262 legitimaque
608 3178 703 3244 furtis
718 3182 904 3264 opponitur,
920 3190 954 3244 et
969 3179 1180 3246 latrociniis⁸.
1213 3191 1245 3244 et
1265 3181 1311 3246 sic
1332 3180 1418 3245 iusta
1439 3181 1575 3245 uictoria
1597 3183 1640 3245 de
1662 3182 1784 3265 ampla,

380 3313 419 3357 ac
430 3293 529 3377 plena
538 3295 560 3357 ⁹.
602 3294 674 3359 Nos
690 3315 768 3358 uero
780 3295 844 3358 iam
862 3314 921 3376 pro
938 3293 1045 3358 officio
1063 3293 1288 3357 Iurisconsulti
1305 3304 1417 3357 nostro
1432 3293 1514 3358 haec
1530 3292 1658 3377 plenius
1673 3293 1783 3358 decla·

381 3425 497 3471 remus.

985 3601 1073 3676 CnP.
1108 3603 1180 3675 lll.

816 3779 1011 3874 Principes
1036 3777 1184 3850 Bellum
1203 3789 1350 3874 gerunt.

425 3955 593 4019 ‘HosTEs
622 3955 656 4019 hi
686 3963 770 4032 sunt,
794 3954 850 4037 qui
878 3954 981 4031 nobis
1004 3963 1062 4018 aut
1089 3954 1208 4036 quibus
1234 3974 1293 4017 nos
1324 3954 1454 4037 publice
1484 3955 1608 4018 bellum
1639 3955 1783 4020 decreui-

381 4068 389 4098 ‘
406 4087 487 4132 mus.
512 4068 632 4133 caeteri
645 4066 797 4145 latrones,
809 4075 866 4130 aut
879 4063 1090 4149 praedones:’
1106 4065 1212 4148 inquit
1223 4064 1460 4148 Pomponius¹⁰.
1479 4076 1511 4131 et
1523 4067 1662 4131 totidem
1674 4067 1784 4135 uerbis

300 4183 310 4209 “·
382 4179 565 4264 Ulpianus:
589 4180 735 4246 ‘Hostes
752 4189 839 4255 sunt,
855 4179 974 4262 quibus
989 4177 1114 4243 bellum
1130 4176 1262 4259 publice
1281 4177 1423 4261 populus
1440 4179 1613 4243 Romanus
1628 4181 1783 4260 decreuit,

381 4294 459 4358 ‘uel
483 4294 544 4378 ipsi
568 4293 691 4377 populo
718 4292 882 4356 Roman0.
917 4292 1036 4355 caeteri
1060 4287 1243 4367 latrunculi,
1271 4290 1323 4354 uel
1348 4292 1531 4373 praedones
1554 4291 1784 4377 appellantur.’

546 4489 627 4541 ¹Llu.
642 4505 679 4554 ao
691 4505 713 4540 c.
724 4488 749 4549 6,
763 4502 803 4552 34.
815 4504 835 4538 c.
851 4503 888 4544 21,
902 4501 942 4553 40.
954 4497 1032 4550 c.27;
1051 4487 1132 4538 aFlo.
1145 4503 1166 4538 c.
1182 4502 1220 4537 ιο.
1324 4486 1429 4540 'Thue
1441 4488 1486 4540 lib.
1498 4487 1521 4538 6.
1534 4505 1555 4539 c.
1567 4501 1621 4551 105.

381 4569 391 4599 ¹
408 4571 462 4624 Iou.
474 4572 518 4622 lib.
532 4571 563 4635 36
576 4575 613 4638 (p.
627 4573 692 4636 338).
812 4572 822 4602 ‘
838 4571 890 4624 Sat.
902 4586 924 4622 a.
940 4581 1017 4637 7.15;
1034 4570 1100 4637 Scip.
1113 4569 1220 4621 Gentilis
1234 4585 1255 4621 1.
1268 4585 1364 4636 parerg.
1376 4585 1400 4634 4.
1516 4571 1526 4602 ⁸
1543 4571 1595 4622 Dio
1606 4572 1649 4622 lib.
1663 4586 1702 4636 40.
1715 4589 1735 4622 c.
1747 4587 1785 4637 15.

512 4655 993 4720 ‘Vell.lib.a.c.61;Liu.10.c.a5.
1099 4653 1300 4716 'Liu.a5.c.1.
1405 4653 1654 4717 ’Consonat
1722 4669 1725 4672 ·

446 4739 456 4766 '
473 4737 527 4790 Cic.
542 4753 562 4790 a.
575 4739 645 4790 Fam.
661 4753 697 4789 ιο.
922 4739 940 4769 ¹⁰
957 4738 974 4790 l.
989 4741 1043 4791 118.
1054 4740 1086 4789 de
1097 4739 1129 4788 V.
1142 4738 1167 4789 S.
1180 4737 1226 4799 (D.
1236 4751 1274 4800 50.
1284 4737 1342 4800 1⁶>;
1358 4735 1375 4788 l.
1391 4752 1428 4800 ²4·
1441 4738 1549 4804 decept.
1561 4738 1718 4804 (D.49.15).

386 4833 1782 4864 --——-——-.----—-—-——--b-----—-———-
