4534 5576
721 743 782 796 DE
809 741 913 797 IURE
943 741 1078 813 BELLI‚
1107 741 1187 798 LIB.
1209 743 1252 812 II,
1284 741 1372 799 CAP.
1394 744 1451 799 IX.
1725 738 1786 818 165

383 987 463 1051 dare
485 987 571 1051 licet.
626 987 739 1052 Etiam
761 987 882 1064 licebit,
905 1006 979 1049 curn
1003 985 1123 1064 Totila,
1145 1005 1237 1048 arma
1260 986 1405 1050 hostium
1428 987 1677 1068 corrumpendo.
1709 991 1786 1071 quia

384 1098 461 1161 licet
482 1117 575 1161 arma
598 1097 743 1162 hostium
767 1116 982 1180 corrumpere.
1029 1096 1065 1161 Si
1089 1097 1225 1160 caedem
1248 1097 1405 1174 admittis,
1428 1099 1580 1172 rationes,
1605 1109 1639 1162 et
1664 1098 1786 1163 ionnas

384 1208 491 1273 nullas
508 1210 644 1272 istarum
662 1218 758 1292 potes
776 1209 962 1274 excludere.
1007 1210 1201 1290 Numquam
1220 1208 1320 1290 igitur
1336 1209 1546 1272 admittenda
1566 1211 1693 1274 caedes.
1739 1211 1786 1274 Et

383 1318 436 1384 hic
463 1329 514 1384 est
541 1321 644 1384 index
669 1321 788 1403 impuri
810 1320 919 1399 fontis,
941 1320 969 1382 si
995 1319 1090 1382 riuuli
1116 1318 1159 1382 ab
1186 1319 1258 1401 ipso
1284 1317 1391 1382 iluunt
1414 1319 1543 1400 impuri.
1591 1320 1658 1383 Hic
1683 1321 1786 1385 index

383 1431 555 1514 improbae
576 1431 749 1514 opinionis,
771 1432 798 1495 si
820 1430 906 1494 aliae
927 1430 971 1493 ab
993 1430 1065 1512 ipsa
1087 1429 1292 1493 descendunt
1315 1429 1492 1510 improbae.
1548 1429 1705 1512 Improbi,
1727 1431 1784 1512 qui

384 1542 448 1605 ista
467 1540 650 1606 uoluerunt.
696 1542 871 1624 Improbus
894 1541 1071 1622 Augustus
1088 1541 1202 1624 primis
1221 1539 1308 1602 illius
1327 1540 1551 1622 temporibus:
1583 1539 1617 1603 in
1636 1540 1785 1606 ciuilibus

383 1651 487 1731 bellis,
510 1673 612 1734 quum
643 1652 751 1716 nullus
777 1652 905 1735 legibus
930 1651 1030 1728 locus,
1052 1671 1221 1733 quumque
1246 1671 1338 1714 arma
1364 1671 1472 1733 neque
1501 1652 1607 1732 parari
1637 1661 1784 1734 possunt,

385 1787 492 1848 neque
512 1764 626 1828 haberi
649 1784 708 1846 per
729 1764 834 1827 bonas
855 1761 985 1831 artes1:
1014 1763 1068 1825 Ita
1090 1763 1190 1826 etiam
1212 1771 1449 1826 testamentum
1472 1762 1538 1824 uiui
1560 1763 1784 1844 aperiendum,

384 1877 653 1958 recitandumque
676 1875 802 1938 curauit
823 1874 974 1940 Antonii.
1019 1873 1073 1936 Ita
1094 1873 1159 1936 alia
1181 1873 1300 1936 iniuste
1322 1873 1390 1954 egit
1399 1871 1421 1937 ².
1465 1872 1535 1936 Alii
1558 1873 1700 1955 improbi
1721 1873 1784 1951 hic,

384 1987 439 2050 ubi
463 1987 560 2050 euicti
583 1985 812 2068 improbitatis.
870 1985 916 2050 Et
937 2005 1078 2068 quorum
1097 1985 1274 2048 defendere
1299 1984 1404 2066 possis
1435 1984 1628 2048 nonnullum
1650 1993 1781 2049 tamen:

383 2098 486 2177 illum,
508 2099 564 2180 qui
591 2099 625 2161 in
649 2098 773 2181 praelio
796 2098 967 2162 insidiatus
990 2097 1176 2161 Mithridati
1199 2105 1271 2160 est:
1310 2095 1505 2172 Labienum,
1529 2098 1586 2179 qui
1611 2097 1784 2162 insidiatus

384 2220 435 2275 est
462 2210 640 2293 perfugae:
673 2218 740 2273 tres
766 2208 841 2272 illos
865 2209 948 2273 alios
975 2209 1156 2286 Romanos,
1181 2210 1238 2290 qui
1264 2209 1311 2272 sic
1338 2207 1533 2289 Iugurtham
1561 2209 1655 2272 malis
1680 2209 1783 2291 ipsius

383 2322 509 2386 artibus
538 2322 713 2404 petierunt.
773 2320 863 2403 Quid
893 2318 1086 2402 praeterea?
1146 2319 1234 2384 Cum
1264 2318 1432 2401 Scaligero
1463 2339 1592 2402 magno,
1623 2318 1783 2403 ‘Sapiens

386 2433 565 2498 ‘fortitudo
584 2433 755 2496 uictoriam
774 2453 840 2496 non
859 2433 892 2496 in
916 2440 1032 2510 morte,
1049 2433 1108 2497 sed
1131 2433 1165 2495 in
1186 2432 1274 2495 facto
1295 2431 1388 2513 ponit
1399 2427 1430 2495 ³!
1477 2430 1554 2494 Hoc
1576 2440 1628 2494 est
1649 2431 1782 2508 sactum,

383 2553 420 2610 ut
448 2545 573 2609 uictum
602 2565 639 2608 se
667 2544 770 2609 dedat
799 2545 911 2620 hostis,
937 2553 971 2608 et
1002 2543 1046 2608 sit
1075 2544 1191 2617 uictus,
1214 2543 1497 2626 quemadmodum
1528 2554 1578 2608 est
1608 2553 1642 2609 et
1669 2544 1782 2609 uictor.

383 2657 513 2720 Audiat
535 2658 563 2720 is
586 2656 640 2721 hic
666 2657 769 2720 Turni
795 2656 884 2734 illud,
907 2655 1064 2720 UICISTI.
1111 2654 1260 2719 Ulterius
1286 2675 1328 2718 ne
1351 2656 1467 2719 tendat
1494 2656 1586 2720 odiis.
1631 2655 1784 2739 Quodsi

385 2771 473 2834 enim
499 2772 618 2832 ‘nemo
643 2778 810 2832 trecentos
835 2767 957 2832 Fabios
981 2767 1095 2844 uictos,
1119 2768 1178 2831 sed
1203 2767 1328 2830 occisos
1351 2767 1432 2831 dicit
1446 2764 1467 2830 :’
1500 2777 1534 2830 et
1559 2766 1784 2832 Athenienses

385 2881 505 2945 alicubi
531 2889 722 2945 consumtos
748 2879 854 2961 magis
875 2899 976 2962 quam
999 2880 1104 2943 uictos
1130 2879 1304 2942 audimus:
1341 2878 1399 2959 qui
1422 2888 1534 2942 tamen
1559 2877 1696 2944 militiae
1721 2883 1784 2945 ritu

383 2993 580 3057 ceciderint:
613 2993 656 3056 de
685 2990 736 3056 his
765 2991 845 3073 quid
875 2990 1070 3068 censebitur,
1096 2992 1152 3072 qui
1182 3011 1204 3053 a
1232 2990 1355 3054 sicariis
1384 2989 1640 3056 occubuerint⁴i
1685 2991 1784 3056 Nunc

385 3104 465 3167 mihi
487 3105 645 3169 succurrit
667 3105 710 3168 de
732 3101 906 3186 Apostolis
928 3103 1034 3166 simile
1056 3101 1224 3178 Bemardi,
1248 3101 1529 3180 ‘Occumbebant,
1546 3122 1613 3167 non
1634 3123 1784 3168 succum-

384 3213 569 3280 ‘bebant⁵.'
615 3216 727 3281 Etiam
750 3217 793 3280 de
817 3216 967 3280 Leonida
990 3223 1023 3280 et
1041 3215 1145 3291 suciis,
1165 3215 1263 3278 ‘Non
1282 3215 1369 3294 uicti,
1387 3217 1446 3279 sed
1469 3217 1632 3281 uincendo
1654 3217 1783 3302 fatigati

382 3332 390 3360 ‘
405 3329 595 3393 occiderunt
604 3325 639 3390 ⁰.’

986 3577 1073 3650 cn.
1106 3575 1178 3650 lX.

760 3777 820 3849 De
844 3777 982 3874 Zopz'ro
1006 3787 1041 3849 et
1064 3777 1152 3850 aliis
1178 3779 1397 3875 transfugas.

427 3984 487 4046 AT
509 3983 553 4046 de
577 3983 699 4064 Zopiro
722 3989 756 4043 et
777 3980 850 4043 aliis
872 3979 1032 4043 similibus
1054 3979 1231 4062 transfugis
1252 3981 1332 4063 quid
1354 3982 1549 4046 censemus?
1603 3984 1781 4068 Egregiam

384 4094 608 4172 calliditatem,
641 4103 675 4158 et
707 4093 750 4157 ab
782 4095 873 4156 omni
906 4091 1158 4174 reprehensione
1191 4093 1305 4174 procul
1338 4103 1509 4172 remotam,
1542 4097 1589 4162 ait
1621 4098 1783 4179 Ualerius,

383 4217 586 4290 stratagema
609 4204 750 4288 zopiri⁷.
795 4205 874 4289 Quo
895 4226 972 4269 usus
995 4206 1096 4270 etiam
1120 4204 1261 4288 Ulysses
1284 4216 1383 4272 antea
1406 4218 1562 4290 narratur,
1585 4220 1619 4276 et
1644 4210 1749 4276 Sinon
1758 4211 1782 4275 ⁸.

559 4467 568 4496 ¹
584 4467 646 4519 Tac.
660 4480 681 4516 1.
693 4467 759 4516 Anu.
772 4481 793 4517 c.
807 4481 829 4517 r.
960 4465 971 4494 ¹
985 4465 1052 4517 Suet.
1064 4467 1131 4532 Aug.
1147 4478 1184 4531 ¹7·
1316 4471 1326 4500 ³
1342 4469 1407 4521 Seni.
1419 4484 1442 4533 3.
1454 4472 1486 4522 de
1497 4474 1555 4523 Poe.
1569 4489 1607 4524 ro.

480 4547 489 4577 ⁴
505 4549 563 4601 Sen.
576 4562 599 4612 5.
609 4549 642 4600 de
653 4549 749 4610 Benei3
765 4549 838 4600 Oros.
852 4564 873 4598 a.
885 4564 906 4598 c„
920 4561 964 4613 15;
982 4549 1053 4603 Iusti.
1063 4550 1107 4600 lib.
1120 4565 1142 4614 5.
1155 4567 1177 4602 c.
1194 4567 1215 4603 1.
1412 4553 1422 4583 ⁸
1440 4554 1495 4604 Ber.
1507 4569 1529 4618 3.
1540 4556 1572 4606 de
1584 4557 1684 4608 Consid.

513 4632 523 4662 ⁸
540 4633 612 4683 Iusti.
622 4632 667 4682 lib.
681 4647 703 4682 π.
717 4648 739 4683 c.
753 4645 790 4681 11.
867 4629 945 4682 'Uel
961 4641 981 4694 7.
993 4648 1014 4682 c.
1027 4650 1060 4697 43
1076 4633 1142 4683 Plut.
1154 4633 1256 4700 Apopb.
1341 4635 1350 4664 ⁸
1367 4637 1454 4694 Cedr.;
1473 4638 1588 4702 Polyaen.
1604 4652 1625 4688 1.
