4522 5570
482 626 827 638 -ι--ψΨὯ-υν

483 719 543 783 116
963 733 1166 788 ALBERICI
1194 731 1394 786 GENTILIS

479 975 536 1036 ‘et
562 972 771 1054 opinionibus
797 972 994 1038 contrarium
1005 971 1036 1039 ¹.'
1094 976 1139 1040 Et
1170 975 1341 1052 Siracides‚
1367 974 1481 1039 ‘Ante
1508 983 1647 1038 mortem
1674 973 1810 1037 beatum
1838 993 1879 1035 ne

478 1084 671 1165 ‘praedices
695 1105 904 1167 quemquam.
929 1087 1030 1151 etiam
1054 1087 1097 1152 de
1124 1086 1234 1153 liberis
1260 1087 1327 1153 suis
1352 1089 1402 1152 uir
1420 1081 1649 1171 agnoscitur².'
1693 1082 1808 1168 Atque
1833 1084 1879 1148 ita

479 1197 576 1259 istam
599 1206 727 1279 partem
744 1197 856 1278 probo.

1054 1417 1142 1490 Can.
1174 1415 1306 1490 XXV.

821 1587 880 1658 De
904 1587 1050 1658 honesta
1075 1611 1204 1658 caussa
1230 1584 1314 1657 belli
1339 1585 1531 1680 auferendi.

523 1767 715 1834 SUPEREST
739 1791 804 1833 una
828 1791 913 1834 nunc
939 1771 1090 1853 quaestio
1116 1771 1159 1833 de
1185 1769 1325 1832 honesta
1351 1767 1428 1832 belli
1455 1769 1614 1833 inserendi
1639 1791 1763 1834 caussa.
1794 1791 1879 1852 quae

478 1879 592 1943 itidem
619 1882 747 1963 cogitur
769 1903 789 1944 a
815 1882 909 1945 nobis
936 1883 979 1944 ad
1005 1880 1138 1958 bellum,
1159 1881 1248 1963 quod
1276 1901 1320 1943 ex
1347 1879 1436 1944 nulla
1463 1891 1574 1944 nostra
1600 1883 1729 1965 priuata
1755 1904 1878 1957 caussa,

478 1993 536 2055 sed
563 1995 730 2056 communi
758 1995 892 2072 ratione,
919 2003 952 2056 et
978 2014 1038 2076 pro
1065 1994 1136 2056 aliis
1162 1993 1346 2074 suscipitur.
1403 1993 1490 2057 Ecce
1516 1994 1577 2056 tibi
1605 1995 1631 2058 si
1659 1995 1714 2076 qui
1741 2003 1879 2077 peccaut

479 2103 650 2167 euidenter
675 2114 790 2169 contra
817 2106 907 2188 leges
933 2115 1068 2169 naturae
1099 2116 1131 2169 et
1157 2105 1338 2182 hominum,
1363 2104 1425 2168 hos
1449 2105 1589 2169 coerceri
1620 2105 1710 2169 bello
1735 2127 1833 2188 posse
1859 2128 1879 2169 a

479 2213 635 2295 quolibet,
658 2236 722 2298 ego
744 2227 835 2298 puto.
881 2218 931 2281 Ut
956 2216 1088 2280 honoris
1115 2216 1308 2298 amplissimi
1337 2236 1416 2294 esse,
1442 2217 1548 2299 inquit
1575 2217 1699 2296 Cicer0,
1725 2238 1879 2282 accusare

480 2326 656 2407 improbos.
688 2348 820 2410 semper
835 2348 908 2391 eam
927 2347 1077 2391 caussam
1096 2327 1274 2410 plurimum
1294 2327 1444 2391 ualuisse.
1474 2349 1607 2410 semper
1624 2349 1698 2392 eam
1718 2329 1878 2392 rationem

478 2438 654 2502 accusandi
673 2438 773 2502 fuisse
793 2438 1068 2518 honestissimam,
1087 2460 1146 2521 pro
1165 2439 1269 2512 sociis,
1289 2459 1349 2521 pro
1367 2437 1474 2502 salute
1494 2439 1690 2520 prouinciae,
1706 2461 1766 2523 pro
1785 2449 1878 2504 exte-

480 2570 587 2613 rarum
614 2551 785 2614 nationum
812 2552 996 2615 commodis
1022 2552 1208 2616 inimicitias
1232 2551 1405 2633 suscipere,
1432 2551 1474 2614 ad
1506 2551 1686 2632 periculum
1715 2553 1879 2630 accedere,

479 2680 623 2742 operam,
646 2663 803 2740 studium,
827 2662 974 2726 laborem
1000 2663 1207 2744 interponere
1217 2661 1238 2725 ³.
1295 2661 1340 2723 Et
1366 2661 1413 2724 ita
1439 2661 1539 2724 etiam
1564 2660 1767 2739 Plutarchus,
1789 2663 1878 2744 quod

481 2791 546 2834 non
568 2771 712 2852 ignobile
735 2774 881 2837 studium
900 2774 1095 2851 accusandi;
1119 2783 1152 2836 et
1172 2775 1261 2855 quod
1281 2771 1400 2835 iudicia
1423 2771 1563 2853 publica,
1582 2783 1615 2836 et
1634 2794 1762 2836 reorum
1781 2793 1877 2837 accu-

480 2883 625 2946 sationes
648 2884 694 2948 sic
717 2884 770 2946 uel
792 2885 835 2946 ad
859 2884 1045 2966 eloqentiae
1074 2884 1220 2948 studium
1249 2884 1397 2947 instituta
1423 2884 1598 2946 iuuenibus
1624 2883 1764 2949 essent⁴.
1810 2883 1878 2948 Sed

481 2996 527 3059 sic
553 2996 597 3058 ad
623 2997 830 3078 punitionem
860 2997 1041 3074 criminum,
1069 3016 1137 3059 rem
1164 2995 1363 3077 reipublicae
1390 2994 1638 3058 saluberrimam
1669 3005 1702 3060 et
1733 2998 1880 3060 maxime

481 3091 697 3171 necessariam
728 3108 926 3190 peruenitur.
981 3107 1074 3170 Alibi
1101 3108 1221 3189 cupido
1248 3106 1425 3169 damnatur
1450 3107 1646 3171 accusandi:
1679 3117 1713 3172 et
1741 3109 1879 3172 merito:

479 3221 557 3302 quia
580 3219 702 3284 iustitia
726 3219 790 3284 illic
814 3240 879 3283 non
902 3229 960 3297 est,
976 3219 1032 3282 ubi
1056 3219 1177 3301 cupido
1200 3239 1239 3282 ea
1261 3217 1343 3281 estl.
1388 3218 1590 3283 ‘Diabolus’
1606 3217 1727 3306 (inquit
1744 3218 1880 3302 Augus-

480 3328 581 3414 tinus)
592 3336 599 3362 ‘
609 3340 779 3394 accusator
794 3331 932 3408 dicitur;
952 3350 1017 3394 non
1033 3330 1110 3412 quia
1125 3349 1223 3392 nemo
1238 3329 1343 3410 possit
1358 3329 1443 3392 bene
1458 3350 1629 3393 accusare:
1649 3331 1707 3394 sed
1723 3332 1880 3413 quoniam

480 3441 656 3506 ‘diabolus
682 3452 774 3505 amat
808 3438 1002 3506 accusare⁰.'
1060 3441 1191 3522 Cupido
1221 3441 1321 3522 igitur
1345 3440 1432 3503 absit
1462 3439 1616 3518 bellandi,
1641 3450 1674 3505 et
1701 3441 1826 3506 bellurn
1853 3443 1880 3506 si

480 3563 633 3617 mouetur
659 3555 835 3618 aduersum
863 3553 1040 3636 improbos,
1063 3552 1185 3616 bellare
1210 3572 1276 3615 non
1302 3563 1353 3616 est
1380 3561 1485 3634 turpe.
1540 3551 1597 3615 ‘Si
1620 3552 1729 3634 aliqua
1752 3563 1881 3618 terrena

480 3668 488 3697 ‘
503 3665 619 3729 ciuitas
634 3667 823 3729 decerneret
839 3666 960 3730 scelera
975 3664 1139 3747 quaedam
1155 3684 1276 3745 magna
1290 3663 1368 3740 fieri,
1389 3663 1587 3727 decernente
1601 3684 1721 3746 genere
1736 3665 1882 3729 humano

480 3779 681 3842 ‘euertenda
704 3773 819 3841 foret?
848 3778 895 3842 sic
917 3777 1127 3859 Augustinus
1136 3773 1158 3838 ⁷.
1204 3775 1249 3839 Et
1272 3776 1384 3858 itaque
1403 3774 1533 3838 illorum
1556 3776 1754 3839 sententiam
1777 3777 1882 3859 probo

480 3891 594 3972 magis,
610 3890 666 3972 qui
685 3891 805 3953 iustam
824 3890 937 3953 dicunt
956 3907 1105 3952 caussam
1125 3886 1372 3968 Hispanorum:
1396 3886 1476 3949 dum
1494 3885 1619 3950 faciunt
1639 3886 1730 3950 Indis
1748 3887 1881 3966 bellum,

480 4003 535 4084 qui
551 4002 744 4066 concubitus
762 4002 922 4066 nefaudos
937 4012 971 4064 et
986 4021 1060 4066 cum
1077 4000 1191 4063 bestiis
1207 3999 1425 4062 exercebant:
1450 4008 1483 4062 et
1499 4000 1555 4080 qui
1576 4019 1691 4063 carnes
1710 3998 1882 4078 humanas,

480 4113 668 4177 hominibus
691 4114 724 4176 in
748 4115 781 4176 id
806 4114 967 4190 mactatis,
985 4112 1205 4177 comedebant
1215 4110 1235 4175 ⁸.
1282 4109 1369 4174 Sunt
1392 4110 1479 4173 enim
1505 4110 1586 4174 haec
1611 4120 1746 4192 peccata
1769 4121 1882 4174 contra

481 4234 633 4288 naturam
659 4224 795 4288 humani
821 4225 949 4307 generis
958 4224 979 4287 ⁹.
1036 4223 1082 4285 Et
1109 4222 1155 4284 ita
1180 4222 1334 4284 omnibus
1360 4230 1498 4303 peccata
1524 4223 1677 4302 cognita:
1710 4222 1771 4284 nisi
1798 4220 1882 4285 sorte

481 4358 548 4406 non
571 4337 704 4420 cognita
726 4337 830 4399 brutis
853 4345 929 4399 sunt
951 4332 1184 4407 animantibus,
1206 4341 1239 4396 et
1261 4332 1450 4395 hominibus
1472 4333 1585 4396 brutis.
1629 4331 1746 4415 Atque
1767 4343 1883 4398 contra

518 4577 620 4627 ιΑῐίεῐ.
636 4575 725 4625 1.Elh.
740 4590 778 4624 10.
844 4573 991 4623 ²Eccl.11.
1056 4572 1135 4621 ’Cic
1148 4572 1206 4622 Ver.
1222 4586 1242 4623 1.
1309 4572 1499 4650 ⁴Plut.Lucul.
1566 4573 1646 4625 ‘Cle
1662 4591 1684 4624 n.
1696 4574 1728 4625 de
1740 4575 1788 4624 Off.
1804 4588 1841 4637 14.

549 4661 642 4724 ⁸Aug.
657 4660 706 4708 Nu.
718 4675 742 4723 q.
755 4673 794 4721 49.
844 4657 937 4719 'Augu
951 4671 973 4718 5.
985 4657 1014 4704 de
1026 4654 1081 4704 Ciu.
1131 4653 1223 4704 'vicu
1238 4669 1260 4716 5.
1274 4654 1366 4704 Reiect.
1416 4655 1827 4715 ’clausFomieetssmom
