4498 5566
727 741 785 794 οε
816 739 918 795 runa
947 737 1081 811 sectr,
1111 735 1238 810 arar,
1270 740 1358 796 cAP.
1380 741 1440 796 [η.
1743 743 1782 812 15

381 977 500 1042 referre
518 979 551 1041 in
570 978 739 1042 arbitrium
759 978 926 1041 Pontificis
947 977 1090 1040 Romani
1109 977 1283 1042 uoluerunt
1293 977 1314 1044 1.
1359 979 1405 1042 Et
1427 977 1574 1044 Heluetii
1597 979 1644 1041 sic
1666 997 1784 1042 conue-

382 1098 502 1152 nerunt
517 1109 592 1152 cum
606 1089 711 1166 Gallo,
724 1098 761 1152 ut
776 1089 819 1153 ab
832 1089 895 1152 hoc
911 1109 985 1170 pars
996 1089 1052 1153 illa
1065 1090 1277 1171 Burgundiae
1290 1090 1512 1154 restitueretur
1525 1088 1644 1153 Carolo
1657 1089 1783 1171 Imper-

382 1201 474 1276 atori,
490 1221 591 1283 quam
608 1198 832 1263 Iurisconsulti
848 1199 1125 1263 constituissent2.
1171 1200 1216 1262 Et
1235 1200 1278 1263 de
1297 1220 1397 1281 regno
1414 1200 1583 1264 Nauarrae
1601 1200 1684 1265 inter
1699 1201 1784 1263 duos

382 1311 443 1374 hos
462 1310 624 1394 principes
643 1311 758 1374 itidem
777 1311 939 1388 conuenit,
955 1319 991 1373 ut
1011 1311 1116 1374 eiecto
1137 1310 1217 1375 illud
1240 1311 1307 1392 regi
1329 1311 1560 1390 restitueretur,
1577 1312 1603 1374 si
1623 1311 1784 1374 iudicibus

383 1443 428 1486 ex
450 1442 564 1505 aequo,
584 1431 617 1485 et
639 1421 708 1485 iure
730 1419 925 1485 uideretur³.
971 1421 1017 1485 Et
1040 1422 1124 1484 inter
1145 1421 1391 1484 Ferdinandum
1411 1420 1540 1503 Regem
1562 1422 1729 1503 Neapolis,
1750 1430 1784 1486 et

383 1532 568 1614 Principem
592 1531 809 1596 Tarentinum
833 1531 982 1595 similiter
1003 1531 1162 1614 appellati
1184 1533 1306 1596 nostri:
1337 1552 1475 1614 quorum
1499 1531 1632 1596 arbitrio
1655 1531 1784 1614 sapien-

384 1653 455 1708 tum
474 1644 670 1708 scriberetur
687 1644 941 1707 instrumentum
960 1644 1050 1725 pacis
1060 1640 1083 1706 ⁴.
1128 1640 1178 1706 At
1197 1662 1253 1706 cur
1272 1663 1419 1706 memoro
1437 1644 1522 1707 adeo
1541 1640 1667 1707 multa?
1711 1642 1783 1706 Aut

384 1755 456 1837 quis
478 1755 583 1818 multo
601 1754 743 1836 plun'ma
763 1776 829 1819 non
847 1755 941 1818 nouit
958 1753 1046 1818 sacta
1063 1753 1224 1817 eiusmodi
1246 1774 1305 1835 per
1324 1774 1423 1816 omne
1441 1751 1605 1817 aeuum⁶?
1651 1753 1783 1818 Scilicet

385 1876 420 1930 ut
444 1865 636 1949 intelligant,
659 1867 715 1948 qui
738 1864 909 1948 defugiunt
932 1885 1035 1947 genus
1061 1863 1124 1929 hoc
1147 1866 1337 1929 decertandi
1364 1886 1423 1947 per
1444 1865 1726 1947 disceptationem,
1750 1875 1783 1928 et

384 1979 426 2041 ad
445 1976 595 2056 alterum,
610 1976 698 2059 quod
718 1986 768 2040 est
786 1997 845 2058 per
863 1977 939 2053 uim,
958 1984 1090 2039 currunt
1110 1977 1195 2054 ilico,
1214 1998 1271 2039 eos
1289 1998 1309 2040 a
1327 1977 1459 2055 iustitia,
1474 1976 1516 2039 ab
1535 1976 1748 2052 humanitate,
1763 1997 1784 2038 a

384 2089 495 2170 probis
519 2089 682 2170 exemplis
704 2087 871 2169 refugere:
903 2096 936 2149 et
960 2107 1051 2149 ruere
1074 2087 1106 2149 in
1129 2107 1221 2149 arma
1244 2086 1401 2165 uolentes
1419 2087 1475 2169 qui
1499 2088 1607 2150 subire
1628 2087 1783 2150 iudicium
1813 2135 1817 2143 .

384 2199 505 2264 nullius
532 2199 645 2263 uelint.
689 2200 777 2262 Nam
805 2218 862 2261 cur
887 2198 1089 2279 priuatorum
1116 2217 1259 2274 caussae,
1284 2199 1423 2261 maiores
1449 2219 1548 2281 saepe
1571 2198 1622 2261 his
1644 2198 1783 2280 publicis

384 2310 586 2374 obscuriores
612 2319 699 2373 certe
729 2308 914 2391 plurimum,
937 2317 1091 2371 tenentur
1117 2309 1252 2386 iudiciis
1276 2309 1462 2391 Principum
1490 2330 1556 2372 non
1582 2307 1782 2373 tenenturl?

386 2421 514 2499 Melius,
530 2431 563 2485 et
579 2421 705 2484 ciuilius
721 2428 779 2498 est,
794 2415 855 2505 (ait
869 2416 950 2505 lex,)
967 2440 1033 2482 non
1053 2440 1151 2482 manu
1168 2419 1317 2502 cogerel.
1361 2420 1489 2483 ludices
1508 2421 1583 2502 eligi
1602 2421 1781 2502 peritiores,

385 2531 637 2614 incorruptiores
653 2532 685 2594 in
702 2531 823 2596 caussis
840 2529 1026 2612 Principum
1043 2541 1199 2612 possunt:
1223 2551 1309 2612 quae
1324 2539 1410 2595 teste
1424 2533 1526 2615 quasi,
1542 2553 1580 2596 ac
1596 2542 1783 2615 spectatore

384 2644 465 2707 orbe
487 2653 645 2707 terrarum
669 2652 702 2706 et
724 2643 908 2719 audiantur,
931 2652 964 2706 et
987 2641 1194 2705 definiantur.
1241 2642 1364 2706 ‘Arma
1386 2663 1501 2707 amens
1523 2645 1627 2725 capi0,
1649 2663 1709 2708 nec
1731 2655 1783 2710 sat

384 2758 392 2788 ‘
409 2755 542 2820 rationis
560 2756 592 2817 in
611 2753 729 2820 armis!
775 2753 842 2818 Cur
858 2754 1029 2837 Philippus
1046 2753 1282 2836 Hispaniarum
1299 2775 1359 2818 rex
1374 2754 1416 2818 de
1432 2755 1501 2819 iure
1516 2776 1574 2819 suo
1593 2754 1627 2819 in
1646 2776 1782 2839 regnum

385 2866 577 2932 Lusitaniae
604 2866 709 2930 noluit
731 2866 851 2930 iudicio
874 2887 949 2930 cum
973 2886 1086 2930 eorum
1110 2864 1177 2927 ullo
1204 2867 1402 2929 contendere
1424 2866 1479 2947 qui
1505 2866 1566 2929 sibi
1590 2867 1623 2929 in
1646 2888 1782 2949 regnum

384 2977 465 3040 illud
484 2978 729 3041 contendebant
748 2977 797 3040 ius
814 2999 884 3040 esse
904 2975 1059 3060 potius⁸?
1090 2975 1181 3039 Nihil
1200 2977 1282 3054 dic0,
1300 2996 1357 3041 cur
1376 2976 1570 3040 Pontificem
1591 2978 1782 3044 Romanum

379 3088 524 3152 noluerit
545 3089 697 3166 iudicem,
715 3109 792 3151 nam
811 3088 866 3151 ille
887 3109 947 3152 suo
970 3111 1005 3152 se
1027 3089 1110 3152 ferre
1128 3089 1197 3151 iure
1220 3089 1360 3152 iudicem
1380 3089 1560 3154 uidebatur.
1606 3090 1652 3153 Et
1672 3092 1783 3173 itaque

384 3195 486 3284 (quod
507 3200 643 3265 historia
666 3199 773 3286 notat)
797 3200 968 3283 Philippus
990 3200 1130 3263 noluerit
1152 3200 1304 3263 additum
1326 3201 1469 3282 antiquis
1492 3201 1693 3284 exemplum,
1715 3224 1782 3286 quo

381 3311 505 3374 ,arbiter
525 3332 699 3394 regnorum
724 3313 814 3394 Papa
835 3313 1072 3376 adfirmaretur.
1128 3311 1203 3393 Ego
1226 3312 1268 3374 de
1290 3313 1419 3375 arbitris
1445 3311 1570 3395 loquor,
1592 3334 1676 3394 quos
1698 3314 1781 3377 acci·

355 3452 359 3459 ·
384 3423 477 3504 piant
500 3424 561 3505 ipsi
581 3423 746 3505 Principes
765 3433 892 3504 sponte.
939 3423 983 3486 Et
1002 3423 1137 3487 ridicula
1155 3432 1205 3486 est
1224 3423 1421 3505 disceptatio
1444 3424 1477 3486 in
1500 3423 1556 3487 illa
1578 3424 1721 3503 historia,
1740 3425 1783 3489 de

385 3533 626 3599 Iurisconsultis
653 3556 718 3598 non
749 3535 908 3598 adeundis
938 3535 970 3597 in
996 3533 1184 3598 huiusmodi
1216 3533 1404 3616 Principum
1431 3537 1678 3618 quaestionibus
1704 3539 1782 3620 quia

385 3645 453 3707 iure
470 3646 619 3726 gentium
644 3648 734 3724 istae,
756 3667 820 3709 non
839 3646 1081 3724 subtilitatibus,
1100 3656 1133 3708 et
1153 3645 1339 3709 fictionibus
1358 3647 1434 3710 iuris
1454 3646 1644 3712 Iustinianei
1669 3651 1781 3726 ciuilis,

385 3757 550 3836 regendae
564 3757 637 3820 sint.
684 3757 761 3820 Hoc
779 3758 820 3820 sit
841 3757 889 3819 ius
909 3777 1011 3838 nuper
1026 3757 1069 3819 ab
1086 3757 1344 3838 Imperatoribus
1362 3759 1533 3822 conditum
1548 3759 1659 3823 litibus
1676 3761 1782 3842 priua-

384 3877 501 3929 torum.
548 3867 646 3932 Periti
672 3868 906 3948 antiquitatum
933 3866 1001 3940 uiri,
1024 3867 1078 3948 qui
1106 3887 1203 3947 supra
1229 3867 1366 3950 uulgum
1389 3878 1466 3931 sunt
1489 3869 1711 3950 leguleiorum,
1735 3873 1782 3934 ita

385 3979 578 4042 censuerint.
624 3979 657 4041 in
676 3999 715 4040 ea
730 3977 921 4061 quaestione
939 3977 1152 4040 successionis
1171 3979 1261 4058 regni
1280 3979 1469 4057 Lusitanici‚
1484 3982 1574 4061 quod
1593 3983 1635 4044 de
1654 4002 1781 4064 reprae-

385 4089 571 4152 sentatione
586 4099 759 4171 parentum
776 4088 946 4152 dicebatur
961 4097 1018 4148 aut
1036 4107 1096 4170 pro
1112 4087 1277 4165 Farnesio,
1292 4097 1349 4151 aut
1365 4109 1423 4170 pro
1438 4089 1510 4153 aliis
1528 4102 1642 4153 contra
1658 4093 1780 4174 Philip-

384 4219 475 4282 pum,
491 4200 523 4263 id
541 4201 683 4264 essetab
700 4199 840 4262 inuentis
858 4197 1048 4261 Iustiniani:
1072 4207 1171 4280 atque
1186 4199 1270 4262 adeo
1290 4219 1355 4262 non
1375 4211 1486 4281 posset
1501 4201 1560 4264 has
1576 4203 1674 4266 hodie
1691 4204 1781 4270 finire

709 4377 713 4381 ,
731 4376 738 4380 .
754 4375 855 4382 ...,..,..
865 4375 892 4381 ...
904 4375 1775 4386 .-.mu-*Q*

564 4485 572 4514 ¹
589 4486 644 4536 lou.
656 4485 698 4535 lib.
713 4500 722 4534 1
739 4487 774 4550 (p.
790 4487 839 4550 19).
980 4485 989 4512 ¹
1007 4485 1060 4536 Iou.
1071 4485 1116 4535 lib.
1130 4486 1153 4534 8.
1291 4487 1301 4516 ⁸
1317 4487 1372 4536 Iou.
1384 4486 1427 4536 lib.
1442 4487 1471 4536 18
1485 4491 1522 4553 (p.
1534 4491 1602 4552 405).

401 4571 410 4599 ⁴
427 4571 500 4621 Com.
513 4569 549 4618 Pii
565 4584 585 4620 2.
598 4570 640 4619 lib.
656 4581 686 4616 ro
698 4571 733 4634 (p.
747 4571 814 4633 459).
897 4567 907 4598 ⁸
925 4569 1002 4620 Hero.
1015 4569 1057 4618 lib.
1072 4583 1101 4632 5;
1120 4569 1203 4633 Sigon.
1214 4569 1245 4618 de
1256 4569 1318 4634 Reg.
1331 4569 1387 4618 Ital.
1401 4584 1437 4632 14.
1521 4571 1531 4600 ⁸
1547 4572 1600 4622 Cic.
1612 4572 1676 4637 Top.
1692 4589 1712 4622 c.
1728 4588 1765 4623 ιο.

634 4651 644 4680 l
659 4651 675 4700 l.
691 4667 711 4701 1.
724 4652 744 4700 si
757 4659 820 4700 uent.
833 4667 899 4702 nom.
912 4652 972 4702 mul.
985 4653 1030 4715 (D.
1045 4667 1082 4716 ²5·
1096 4653 1130 4713 5).
1277 4653 1287 4683 ⁸
1304 4654 1404 4704 Conest.
1418 4668 1439 4715 3.
1453 4653 1537 4703 Lusat.

892 4819 947 4826 *-
973 4821 1083 4827 ...-—-.---
1664 4825 1782 4833 u..-
