4498 5566
741 717 802 770 DE
829 715 933 771 runa
961 717 1096 786 nurus,
1125 707 1204 775 ΗΒ.
1228 719 1253 790 r,
1285 718 1372 774 cnr.
1394 719 1449 774 ur.
1749 724 1790 795 37

394 959 533 1039 animae,
557 960 619 1023 nisi
645 981 729 1025 unus
754 958 867 1039 Deus3
898 963 953 1044 qui
981 982 1066 1026 unus
1092 963 1237 1027 animam
1264 971 1376 1046 potest
1406 962 1553 1046 perdere.
1606 960 1699 1027 Scis?
1743 962 1794 1026 At

393 1072 472 1135 audi
489 1069 598 1136 adhuc
621 1093 733 1137 unum.
779 1073 930 1138 Libertas
953 1075 1099 1159 religioni
1122 1075 1270 1140 debetur.
1317 1075 1515 1158 Coniugium
1538 1073 1706 1158 quoddam
1730 1073 1795 1138 Dei

395 1192 429 1247 et
453 1182 598 1248 hominis
616 1193 668 1248 est
690 1185 812 1269 religio.
853 1185 890 1250 Si
912 1186 1013 1269 igitur
1030 1187 1183 1268 coniugio
1206 1186 1299 1251 alteri
1323 1187 1428 1251 carnis
1451 1187 1585 1251 libertas
1609 1186 1796 1252 defenditur

394 1295 569 1375 obstinate,
585 1296 685 1361 etiam
701 1295 776 1362 huic
792 1298 943 1381 coniugio
958 1298 1089 1381 spiritus
1104 1299 1267 1363 tribuatur
1280 1298 1424 1363 libertas.

439 1406 508 1472 Sed
523 1407 609 1473 hanc
620 1410 828 1486 sententiam,
839 1410 882 1474 de
896 1408 984 1474 bello
999 1419 1133 1494 propter
1144 1410 1335 1493 religionem
1351 1431 1417 1474 non
1434 1411 1608 1488 mouendo,
1620 1411 1796 1494 probatam

395 1520 556 1599 omnibus,
579 1521 711 1585 nemine
734 1531 886 1605 excepto,
910 1517 1049 1586 testatur
1070 1523 1280 1587 doctissimus
1306 1545 1325 1586 a
1348 1519 1526 1588 Victoria¹.
1572 1521 1619 1585 Et
1645 1543 1796 1587 caussam

394 1630 493 1696 istam
508 1652 575 1696 non
591 1632 711 1697 iustam
726 1633 826 1698 fuisse
843 1634 1002 1717 Hispanis
1017 1633 1083 1698 suis
1099 1644 1214 1700 contra
1230 1633 1343 1699 Indos.
1385 1635 1531 1698 Didacus
1547 1654 1567 1696 a
1584 1632 1796 1714 Couarruuia,

394 1740 510 1807 itidem
535 1743 706 1828 Hispanus
728 1746 785 1821 uir,
806 1755 839 1810 et
861 1745 1071 1810 doctissimus
1095 1747 1347 1826 iurisconsultus,
1370 1745 1519 1810 nominat
1543 1746 1738 1825 canonistas,
1762 1756 1796 1811 et

395 1851 569 1936 theologos
589 1856 706 1938 plures,
725 1857 780 1940 qui
800 1858 888 1922 idem
906 1857 970 1923 hoc
989 1857 1140 1923 docent².
1188 1859 1234 1922 Et
1254 1857 1379 1922 Baldus
1396 1857 1508 1923 docuit
1526 1878 1656 1941 quoque
1675 1857 1717 1922 de
1741 1859 1796 1922 In-

396 1966 557 2046 nocentio,
580 1987 647 2031 non
674 1968 799 2032 licitum
827 1990 899 2034 esse
925 1968 1050 2033 bellum
1074 1979 1188 2035 contra
1212 1969 1372 2046 infideles,
1395 1969 1568 2034 nobiscum
1590 1969 1740 2034 uiuentes
1762 1970 1795 2032 in

370 2079 373 2086 ’
395 2099 486 2162 pace,
503 2099 568 2142 non
585 2079 679 2144 nobis
695 2079 830 2144 iniurios
840 2079 862 2142 ³.
897 2081 1045 2147 Didacus
1060 2089 1094 2146 et
1110 2081 1180 2164 ipse
1193 2083 1292 2147 etiam
1304 2080 1368 2145 hac
1380 2089 1461 2145 stat:
1486 2101 1551 2144 non
1563 2090 1663 2163 negat
1675 2091 1796 2158 tamen,

395 2197 482 2254 stare
497 2192 660 2274 quosdam
676 2191 709 2256 in
724 2193 895 2257 contrariis
911 2193 1068 2276 partibus,
1083 2193 1184 2257 etiam
1200 2191 1415 2276 Aquinatem.
1454 2190 1610 2256 Ceterum
1626 2200 1660 2256 et
1676 2192 1796 2257 refutat

394 2302 534 2368 aliorum
557 2305 728 2388 opiniones
751 2305 967 2388 rationesque.
1012 2305 1066 2370 De
1084 2305 1254 2370 haereticis
1273 2306 1372 2369 etiam
1396 2303 1484 2368 bello
1503 2303 1699 2368 ulciscendis
1718 2324 1797 2367 sane

396 2418 570 2481 decreuere
593 2416 746 2481 Toletani
768 2426 898 2499 patres:
926 2426 959 2481 et
978 2427 1028 2482 est
1046 2417 1186 2482 relatum
1206 2418 1238 2480 in
1261 2417 1312 2480 ius
1330 2415 1524 2481 canonicum
1533 2413 1555 2477 ⁴.
1602 2415 1647 2480 Et
1672 2415 1797 2481 Baldus

396 2527 502 2611 inquit
518 2549 589 2594 esse
605 2539 739 2608 certum,
755 2528 869 2594 hostes
885 2530 970 2609 fidei,
987 2531 1021 2594 id
1037 2540 1095 2608 est,
1112 2531 1277 2605 ecclesiae,
1294 2529 1486 2612 depraedari
1502 2548 1600 2609 posse
1609 2527 1629 2592 ⁵.
1666 2526 1797 2592 Tamen

396 2660 456 2704 nec
473 2640 562 2705 bono
580 2650 775 2724 argumento
794 2641 905 2705 firmat
922 2641 1003 2705 illud
1022 2650 1167 2706 certum:
1192 2651 1226 2706 et
1244 2640 1341 2705 ualde
1359 2639 1550 2705 dubitanter
1565 2639 1655 2704 illam
1674 2640 1796 2704 attexit

396 2751 709 2836 interpretationem.
756 2753 805 2818 Ut
832 2762 882 2817 est
904 2774 985 2818 sane
1007 2774 1073 2817 non
1096 2752 1322 2818 definiendum
1344 2750 1547 2837 generaliter,
1565 2750 1642 2816 fidei
1666 2750 1796 2816 hostem

396 2885 470 2929 eum
498 2886 577 2943 esse,
604 2867 659 2948 qui
686 2865 842 2930 ecclesiae
865 2864 971 2930 hostis
997 2867 1049 2930 sit.
1094 2865 1182 2949 Quia
1205 2865 1343 2930 ecclesia
1364 2864 1448 2947 gerit
1469 2862 1558 2928 bella
1578 2863 1708 2946 saepius
1731 2885 1796 2929 non

395 2996 456 3059 pro
478 2977 643 3060 religione,
662 2997 700 3042 ac
718 2977 792 3056 fide,
811 2977 869 3042 sed
888 2997 949 3061 pro
967 2978 1017 3042 his
1036 2977 1141 3056 rebus,
1156 2999 1239 3060 quas
1257 2975 1457 3059 temporales
1479 2974 1657 3058 appellant.
1703 2975 1796 3039 Alibi

396 3096 430 3152 et
449 3099 562 3153 contra
579 3088 770 3167 haereticos,
788 3099 820 3154 et
836 3084 912 3175 (sibi
928 3087 1120 3176 contrarius)
1136 3098 1249 3154 contra
1272 3086 1421 3153 infideles
1443 3087 1502 3151 dat
1525 3086 1649 3151 bellum
1673 3087 1797 3151 Baldus

396 3199 458 3266 hac
477 3201 612 3279 ratione,
627 3201 783 3284 quoniam
801 3210 920 3266 uacant
939 3223 1039 3284 regna
1057 3211 1193 3285 propter
1209 3201 1380 3278 haeresim,
1398 3209 1431 3264 et
1449 3198 1696 3263 infidelitatem:
1720 3220 1796 3263 cum

398 3331 462 3376 non
481 3312 523 3376 sit
542 3311 695 3377 haeretici
715 3323 747 3377 et
770 3312 910 3377 infidelis
929 3312 1108 3378 iurisdictio
1127 3334 1222 3377 uera:
1247 3333 1319 3376 esse
1336 3321 1448 3376 autem
1466 3310 1669 3393 impossibile
1687 3311 1797 3376 uiuere

396 3423 522 3506 absque
552 3425 746 3506 magistratu
776 3433 808 3488 et
842 3424 1082 3489 iurisdictione:
1123 3444 1200 3488 nam
1230 3422 1312 3489 haec
1343 3444 1414 3488 esse
1443 3422 1486 3486 de
1515 3422 1585 3486 iure
1614 3423 1795 3506 gentiunt

398 3533 494 3618 Quae
510 3534 592 3600 ratio
608 3545 658 3600 est
674 3535 778 3601 multo
793 3536 993 3601 inanissima.
1027 3536 1101 3600 Imo
1117 3536 1205 3600 enim
1223 3535 1315 3600 Deus
1330 3534 1445 3599 asserit
1460 3533 1511 3599 his
1526 3534 1766 3599 iurisdictiones
1774 3534 1796 3598 ⁷.

398 3646 467 3712 Sed
483 3667 562 3711 uero
577 3658 652 3712 sunt
668 3646 798 3731 aliaque
813 3647 903 3713 dicta
921 3649 953 3711 in
971 3649 1031 3712 has
1050 3657 1167 3730 partes,
1191 3667 1368 3731 quaecum
1387 3647 1500 3730 primis
1519 3645 1582 3710 illis
1600 3646 1797 3724 doctoribus,

398 3770 433 3825 et
449 3759 657 3842 generalibus
676 3781 789 3824 eorum
808 3760 988 3825 rationibus
1006 3770 1164 3843 pugnant.
1208 3757 1276 3823 Sed
1296 3780 1358 3842 ego
1377 3759 1634 3840 disputationem
1649 3757 1795 3822 nondum

399 3871 504 3938 mitto.
550 3872 739 3936 ‘Aduersus
761 3872 934 3937 barbaram
957 3871 1148 3954 religionem
1171 3871 1341 3934 nobiscum
1360 3870 1403 3933 ad
1422 3868 1676 3933 internecionem
1696 3866 1798 3931 bella-

399 3987 406 4016 ¹
422 3992 493 4048 tum
506 3981 528 4049 :’
551 3983 728 4049 Christiani
743 3984 836 4049 aiunt
850 3984 893 4048 de
909 3982 1103 4047 Saracenica
1112 3981 1133 4046 ⁸.
1172 3981 1218 4045 Et
1234 3980 1420 4044 Bemardus
1436 4000 1572 4044 mouens
1588 3978 1796 4042 Ludouicum

400 4095 579 4161 Galliarum
604 4097 637 4162 in
662 4096 790 4176 Asiam,
811 4095 904 4160 ‘Tibi
925 4094 992 4159 ulla
1015 4093 1092 4159 belli
1115 4093 1229 4157 iustior
1250 4113 1374 4170 caussa,
1398 4111 1498 4174 quam
1517 4109 1604 4173 quae
1621 4087 1797 4155 sanctiori'

431 4363 440 4394 ¹
456 4366 523 4416 vict.
535 4365 629 4417 Reiect.
643 4379 666 4428 5.
680 4379 717 4414 ιο.
834 4364 845 4394 ¹
862 4365 954 4416 Couar.
966 4365 1028 4429 Reg.
1040 4363 1096 4414 Pec.
1108 4380 1134 4428 p,
1148 4377 1169 4412 π.
1183 4368 1195 4424 5
1211 4377 1249 4412 ιο.
1357 4361 1367 4392 ⁸
1385 4360 1438 4412 Bal.
1450 4361 1467 4413 l.
1480 4375 1503 4424 5.
1517 4360 1549 4412 de
1560 4359 1616 4411 iust.
1629 4360 1676 4424 (D.
1691 4373 1712 4408 1.
1727 4359 1762 4422 ι).

463 4447 473 4478 ⁴
489 4464 503 4498 c
525 4461 563 4511 13.
574 4449 606 4499 de
616 4447 699 4508 haer.;
717 4464 738 4498 c.
750 4459 773 4511 5.
785 4447 842 4497 dist.
854 4460 893 4511 45.
1048 4447 1057 4476 ⁵
1073 4445 1128 4496 Bal.
1139 4461 1164 4510 4.
1176 4461 1244 4497 cons.
1258 4456 1311 4509 140.
1464 4443 1475 4473 ⁶
1491 4443 1545 4494 Bal.
1560 4457 1582 4506 3.
1593 4457 1661 4494 cons.
1674 4455 1730 4506 439.

561 4530 571 4560 ²
591 4547 600 4580 1
616 4531 670 4580 Pet.
684 4545 712 4588 a,
730 4531 799 4580 Paul.
811 4531 845 4579 ad
855 4531 902 4580 Ro.
918 4544 962 4592 ¹33
980 4531 1035 4580 Ber.
1045 4529 1077 4579 de
1089 4529 1137 4579 Ad.
1150 4529 1201 4580 Ser.
1214 4542 1237 4591 3.
1423 4525 1433 4555 ⁸
1449 4527 1476 4578 P.
1489 4527 1561 4574 Aem.
1576 4538 1596 4573 π.
1610 4540 1632 4587 5.
