4498 5566
456 769 498 834 42
944 762 1147 816 ALBERICI
1174 760 1374 815 GENTILIS

455 1002 639 1067 deminutio
663 1003 696 1066 in
719 1004 876 1087 religione
904 1005 1051 1068 maxime
1077 1005 1216 1068 traditur
1242 1002 1425 1086 periculosa
1435 1001 1455 1066 ¹.
1472 999 1476 1006 '
1496 1021 1572 1066 cum
1598 1017 1767 1082 nunquam
1790 996 1859 1061 lere

456 1108 508 1198 (ut
530 1111 637 1200 aiunt)
657 1125 803 1179 mutetur
820 1113 941 1197 religio,
958 1115 1037 1197 quin
1055 1117 1264 1198 antiquorum
1282 1115 1468 1196 Principum
1486 1111 1623 1194 imperia
1641 1110 1858 1174 excutiantur.

457 1223 519 1286 nisi
536 1224 562 1286 si
582 1225 748 1307 Principes
767 1225 828 1308 ipsi
847 1234 997 1291 auctores
1016 1225 1135 1290 fuerint
1154 1247 1229 1291 cum
1249 1225 1373 1309 populo
1392 1246 1498 1288 nouae
1516 1222 1689 1306 religionis,
1705 1229 1738 1285 et
1756 1221 1857 1284 duces

459 1335 658 1400 mutationis.
704 1336 750 1399 Et
773 1336 907 1418 quidem
930 1339 985 1415 sic,
1009 1346 1045 1401 ut
1067 1339 1167 1416 aiunt,
1190 1357 1240 1400 res
1263 1358 1335 1400 esse
1359 1336 1497 1413 uidetur,
1520 1355 1644 1418 perque
1667 1333 1857 1415 magistram

457 1445 706 1527 experientiam.
754 1447 850 1521 Ecce,
881 1448 928 1511 ait
958 1447 1144 1530 Procopius,
1175 1447 1371 1512 ‘Christiani
1400 1447 1508 1511 solent
1538 1447 1581 1509 de
1610 1444 1676 1509 fide
1705 1443 1859 1508 solertius

456 1557 704 1638 ‘disceptandq
737 1558 822 1622 inter
852 1579 888 1622 se
917 1558 1075 1639 altercari,
1107 1569 1140 1623 et
1170 1559 1348 1624 seditiones
1378 1578 1511 1621 mouere
1519 1554 1551 1621 ².'
1589 1557 1678 1621 Ecce
1706 1556 1752 1620 sic
1782 1575 1859 1638 pro-

456 1667 610 1731 hibentur
625 1689 740 1733 seuere
758 1669 886 1752 legibus
902 1672 983 1734 istae
1002 1670 1258 1753 disceptationes
1267 1672 1290 1733 ³.
1337 1671 1383 1734 Et
1398 1671 1492 1733 addit
1510 1669 1561 1733 his
1578 1668 1751 1733 historicus
1766 1667 1857 1744 alius,

458 1777 520 1843 ‘Si
542 1781 677 1862 quando
699 1780 742 1844 de
762 1780 827 1845 fide
850 1781 997 1846 oboritur
1019 1783 1248 1862 controuersia,
1268 1803 1333 1846 non
1358 1782 1458 1846 modo
1480 1788 1632 1863 parentes
1650 1801 1671 1843 a
1688 1779 1806 1857 liberis,
1825 1787 1858 1842 et

458 1893 604 1970 ‘contra
623 1893 680 1955 sed
700 1893 801 1955 etiam
820 1895 964 1957 coniunx
986 1913 1006 1956 a
1030 1895 1147 1958 marito
1164 1916 1233 1969 su0,
1258 1903 1292 1958 et
1314 1894 1362 1956 uir
1383 1914 1403 1956 a
1426 1891 1564 1974 coniuge
1586 1912 1646 1974 per
1662 1877 1858 1954 seditionem

457 2003 634 2067 ‘dissentit
644 2000 676 2068 4.'
723 2004 764 2078 Is,
788 2005 822 2068 id
845 2025 911 2068 non
935 2007 1082 2068 euenisse
1107 2006 1140 2068 in
1163 2005 1344 2068 Iustiniano
1369 2012 1489 2082 nostro,
1512 2012 1546 2066 et
1569 2003 1602 2065 in
1625 2001 1767 2084 coniuge
1790 2001 1858 2064 eius

459 2114 647 2190 Theodora,
665 2114 810 2191 miratur,
834 2116 1052 2180 sentientibus
1072 2118 1219 2181 diuersa:
1255 2115 1308 2178 uel
1331 2114 1435 2179 credit
1455 2135 1499 2177 ex
1523 2122 1697 2195 compacto
1719 2112 1765 2176 sic
1784 2110 1857 2175 illos

459 2227 574 2308 egisse.
612 2235 648 2289 ut
671 2228 704 2290 in
727 2227 889 2310 rebusque
910 2226 982 2291 aliis
1000 2227 1082 2290 alios
1102 2227 1216 2310 egisse,
1240 2225 1411 2289 simulasse
1429 2225 1475 2290 sic
1493 2224 1699 2301 discordiam,
1717 2224 1857 2288 scimus:

459 2339 517 2420 qui
547 2338 615 2402 imo
645 2339 830 2417 concordes,
861 2349 895 2403 et
925 2339 1181 2403 coniunctissimi
1212 2347 1313 2401 erant.
1360 2336 1428 2401 Sed
1458 2337 1539 2400 haec
1569 2335 1703 2400 forsitan
1729 2334 1858 2399 rariora.

460 2450 723 2529 UalentinianuS,
749 2460 807 2514 aut
837 2449 1023 2529 Gratianus,
1047 2459 1185 2533 uterque
1212 2449 1364 2514 laudatus
1391 2448 1557 2530 PrincepS,
1587 2457 1687 2530 negat
1713 2446 1859 2524 Ualenti,

460 2571 555 2626 tanta
587 2562 755 2644 sanguinis
789 2562 1032 2626 necessitudine
1065 2563 1249 2641 coniuncto,
1279 2561 1413 2639 auxilia,
1442 2561 1486 2624 ob
1515 2560 1600 2624 hanc
1632 2559 1858 2623 diuersitatem

461 2672 670 2756 religionis⁵:
701 2682 735 2736 et
756 2673 885 2751 adiecit,
902 2693 967 2736 non
991 2693 1063 2736 esse
1082 2694 1234 2756 aequum,
1249 2683 1308 2738 aut
1322 2674 1422 2756 pium,
1440 2673 1542 2754 impio
1558 2670 1719 2747 auxiliari,
1735 2679 1859 2734 etcum

462 2783 527 2847 Dei
552 2782 657 2864 hoste,
679 2782 823 2847 Arriano
845 2784 1039 2847 societatem
1062 2784 1153 2847 inire.
1199 2784 1245 2848 Et
1269 2784 1470 2847 Iustinianus
1492 2783 1538 2847 sic
1561 2803 1692 2866 quoque
1715 2782 1860 2844 Francos

461 2903 574 2960 mouet
589 2914 650 2978 pro
665 2916 701 2959 se
717 2904 829 2959 contra
846 2893 995 2971 Gothos;
1019 2894 1110 2975 quod
1126 2892 1180 2957 isti
1196 2894 1312 2957 itidem
1328 2894 1461 2957 Arriani
1477 2894 1617 2958 essentl.
1662 2891 1708 2955 Et
1724 2892 1859 2973 Longo-

461 3007 555 3070 bardi
578 3006 679 3089 legati
702 3007 791 3069 idem
813 3027 834 3069 a
858 3004 1041 3070 Iustiniano
1060 3005 1274 3081 contendunt,
1292 3015 1329 3069 ut
1347 3005 1426 3088 ipsis
1444 3006 1471 3068 is
1488 3005 1622 3082 laueret,
1639 3023 1705 3067 non
1721 3002 1860 3085 Gepidis

459 3116 621 3182 Arrianis.
653 3118 699 3182 Et
714 3117 757 3181 ad
774 3117 896 3191 Persas,
913 3116 1047 3181 alterius
1062 3116 1228 3200 religionis
1244 3119 1340 3197 uiros
1356 3139 1377 3181 a
1393 3118 1576 3181 Iustiniano
1592 3137 1659 3179 non
1675 3116 1858 3180 desciscen-

461 3230 551 3308 dum,
571 3228 633 3293 hac
657 3229 866 3311 potissimum
892 3229 1027 3307 ratione,
1050 3228 1140 3310 quod
1164 3229 1219 3311 qui
1243 3229 1332 3293 uaria
1356 3230 1509 3304 sentiunt,
1533 3228 1652 3292 uersari
1673 3227 1771 3291 simul
1793 3247 1860 3291 non

459 3349 607 3424 possunt,
633 3339 776 3405 Colchus
807 3341 856 3402 uir
882 3340 1034 3422 princeps
1064 3341 1200 3418 monuit,
1228 3349 1262 3405 et
1294 3341 1456 3423 persuasit
1485 3341 1551 3404 suis
1561 3339 1583 3404 ⁷.
1626 3338 1743 3422 Atque
1772 3338 1859 3403 dixit

461 3452 661 3516 Iustinianus
690 3451 887 3529 incredibile,
918 3451 971 3514 uel
1005 3451 1147 3515 uoluisse
1177 3451 1250 3516 illos
1280 3453 1418 3517 deficere
1449 3452 1494 3515 ad
1526 3451 1677 3515 homines
1710 3451 1860 3514 diuersae

459 3562 636 3646 religionis.
681 3562 798 3646 Atque
820 3563 902 3627 haec
924 3563 1019 3645 plura
1041 3573 1127 3627 sunt.
1174 3563 1270 3647 Quae
1288 3574 1365 3628 sunt
1385 3565 1497 3628 omnia
1514 3563 1547 3626 in
1570 3584 1644 3628 eam
1665 3571 1803 3646 partem,
1822 3571 1859 3626 ut

460 3674 565 3739 uideri
595 3675 700 3757 possit
730 3675 817 3739 iusta
843 3674 1002 3757 Principis
1029 3695 1128 3739 causa
1151 3675 1207 3757 qui
1235 3696 1335 3739 unam
1359 3675 1551 3760 religionem
1577 3676 1676 3740 uelit:
1708 3674 1859 3756 adeoque

460 3785 618 3850 defendat
636 3787 735 3851 armis
751 3793 785 3850 et
802 3785 891 3850 bello
909 3785 943 3848 in
962 3807 1063 3869 regno
1083 3808 1143 3851 suo
1161 3807 1273 3850 unam.

506 3897 591 3962 Mihi
600 3907 712 3964 tamen
722 3897 830 3980 placet
843 3899 1024 3980 disputatio
1037 3899 1165 3978 Bodini,
1175 3909 1211 3962 ut
1224 3899 1257 3961 ui
1269 3918 1335 3961 non
1347 3897 1390 3962 sit
1402 3897 1563 3962 utendum
1575 3907 1690 3962 contra
1701 3897 1859 3974 subditos,

461 4009 518 4092 qui
529 4009 629 4073 aliam
644 4008 879 4093 amplexentur
890 4009 1093 4092 religionem.
1118 4009 1186 4074 Sed
1202 4030 1333 4093 semper
1348 4010 1409 4073 sub
1425 4009 1487 4074 hac
1503 4009 1699 4092 exceptione
1715 4009 1761 4073 sic
1776 4007 1860 4086 dico,

461 4121 552 4184 ‘Nisi
579 4121 659 4203 quid
690 4120 879 4186 detrimenti
901 4121 990 4185 illinc
1014 4121 1198 4203 respublica
1220 4117 1351 4204 capiat.’
1397 4119 1454 4185 Sic
1478 4119 1652 4203 Augustus
1676 4120 1861 4202 fouisseque

529 4401 537 4430 ¹
554 4402 602 4452 Na.
615 4402 662 4454 Co.
673 4402 715 4452 lib.
731 4419 753 4452 a.
862 4401 872 4429 ²
889 4403 995 4465 Procop.
1009 4415 1031 4463 3.
1045 4401 1121 4450 Goth.
1231 4403 1240 4431 ³
1257 4402 1274 4450 l.
1288 4416 1310 4464 3.
1323 4403 1352 4452 C.
1364 4418 1426 4451 sum.
1439 4403 1495 4453 trin.
1509 4404 1544 4466 (1.
1559 4404 1602 4466 1);
1621 4404 1675 4455 Ber.
1688 4419 1726 4470 ep.
1741 4419 1794 4470 194.

660 4485 669 4514 ⁴
687 4485 742 4535 Nic.
756 4482 821 4535 Call
837 4493 874 4546 17.
885 4483 943 4532 hist.
958 4493 980 4544 7.
1213 4483 1223 4511 ⁶
1241 4485 1312 4541 Zon.;
1326 4484 1413 4541 Cedr.;
1426 4486 1492 4536 Call.
1506 4500 1543 4536 11.
1554 4487 1612 4538 hist.
1625 4503 1664 4553 49.

691 4565 701 4594 ⁶
717 4567 787 4618 Proc.
801 4564 878 4615 Goth.
890 4579 913 4628 3.
926 4581 950 4628 4.
1333 4565 1342 4595 ⁷
1358 4567 1453 4630 Agath.
1466 4581 1489 4630 3.
1502 4568 1580 4624 Goth.
1596 4583 1633 4618 12.
