4522 5570
463 709 505 778 74
950 704 1152 757 ALBERICI
1179 704 1378 757 GENTILIS

456 945 575 1009 horum
598 944 804 1028 populorum,
823 955 857 1010 et
879 947 985 1029 prisca
1008 946 1289 1029 consanguinitas:
1313 946 1437 1028 reliqua
1455 945 1575 1022 omnia,
1592 967 1676 1028 quae
1695 945 1854 1009 adfinem

456 1065 571 1120 notata
597 1064 674 1119 sunt
698 1058 814 1138 capitis
842 1059 1024 1140 superioris.
1055 1067 1089 1121 et
1115 1057 1215 1138 igitur
1241 1045 1316 1119 curn
1343 1055 1508 1134 Cicerone,
1536 1056 1667 1120 ‘Etiam
1691 1067 1857 1134 nocentes,

457 1168 540 1230 ‘uiri
562 1167 650 1246 boni,
672 1169 699 1230 si
718 1170 889 1246 necessarii
910 1177 996 1248 sunt,
1024 1190 1089 1232 non
1113 1168 1338 1232 defendendos
1361 1188 1433 1232 esse
1457 1188 1523 1231 non
1550 1178 1669 1250 putant
1680 1165 1711 1231 ¹.'
1755 1168 1858 1232 Adde

458 1298 559 1341 unum
594 1279 705 1360 magni
739 1280 907 1358 momenti,
937 1281 1026 1363 quod
1063 1280 1196 1362 Belgae,
1226 1279 1313 1342 bello
1347 1279 1434 1358 uicti,
1465 1278 1688 1342 conditionem
1722 1281 1857 1342 omnino

458 1399 632 1454 mutarent.
663 1400 764 1473 atque
783 1392 933 1454 uidemus
955 1392 988 1455 in
1012 1401 1107 1473 parte
1130 1393 1225 1470 uicta,
1248 1412 1333 1473 quae
1355 1391 1484 1454 deiecta
1508 1390 1686 1472 plurimum
1709 1391 1752 1454 de
1775 1393 1856 1472 pris-

459 1505 528 1565 tina
551 1501 711 1581 libertate,
734 1514 767 1567 et
789 1504 958 1584 praesidiis
980 1524 1137 1586 oppressa
1159 1502 1346 1584 plurimum,
1370 1504 1412 1566 ad
1436 1501 1542 1566 solum
1565 1503 1720 1584 principis
1738 1512 1855 1565 nutum

460 1635 545 1677 nunc
569 1615 699 1696 regitur.
745 1615 786 1678 Id
810 1624 922 1678 autem
945 1615 1041 1678 uicini
1067 1614 1149 1677 serre
1176 1633 1241 1677 non
1265 1613 1400 1676 habent.
1447 1613 1567 1695 Neque
1590 1614 1676 1676 ullus
1698 1613 1782 1676 alius
1805 1624 1856 1677 est

458 1726 682 1809 prohibendus
706 1726 850 1790 libertati
874 1724 983 1788 fauere
993 1724 1014 1788 ².
1059 1724 1125 1789 Ast
1149 1726 1329 1788 uicinorum
1348 1727 1484 1789 interest
1502 1746 1568 1788 non
1587 1746 1740 1807 paruum,
1754 1725 1856 1788 alium

457 1838 580 1901 habere
596 1839 740 1902 uicinum
750 1836 772 1901 ³.
812 1838 900 1900 Nam
918 1838 945 1899 si
965 1837 1014 1898 uir
1032 1837 1101 1897 uiro
1119 1835 1221 1900 habet
1240 1858 1332 1920 opus,
1350 1839 1429 1919 quid
1449 1838 1596 1900 dicemus
1619 1838 1762 1901 uicinum
1786 1857 1858 1900 esse

456 1947 587 2011 uicino?
616 1949 663 2012 ait
694 1948 853 2011 Pindarus
864 1946 885 2011 ⁴.
933 1947 978 2010 Et
1009 1945 1242 2026 Callimachus,
1274 1947 1375 2010 ‘Mihi
1407 1945 1484 2010 mali
1516 1947 1613 2010 uicini
1644 1948 1748 2011 odiosi
1760 1945 1793 2010 ⁶3
1824 1956 1858 2010 et

457 2061 588 2141 sapiens
605 2061 723 2142 aliquis
743 2058 924 2135 Hebraeus,
943 2058 1154 2121 ‘Morborum
1177 2059 1324 2122 omnium
1343 2058 1505 2140 pessimus
1524 2059 1650 2121 uicinus
1670 2057 1794 2121 malus?
1824 2067 1858 2122 et

456 2169 539 2233 alius
564 2170 711 2234 eiusdem
732 2170 848 2252 gentis,
865 2169 959 2233 ‘Uae
985 2169 1144 2251 improbo,
1167 2177 1200 2231 et
1225 2190 1286 2232 uae
1313 2169 1422 2232 uicino
1448 2166 1555 2233 eiust’
1601 2169 1646 2232 Et
1672 2169 1857 2232 Hesiodum

459 2283 515 2345 ubi
533 2281 704 2365 relinquo?
749 2283 868 2346 ‘Noxa
887 2302 1008 2363 magna
1027 2291 1077 2344 est
1100 2281 1206 2343 malus
1229 2281 1361 2354 uicinus,
1380 2281 1487 2344 bonus
1510 2282 1723 2344 commodum
1733 2277 1765 2344 ⁷.'
1813 2280 1859 2343 Et

456 2393 597 2456 morales
616 2393 747 2457 fabulae
766 2393 820 2456 ubi
844 2391 1003 2455 silentur?
1034 2391 1216 2456 ‘Uicinitas
1232 2392 1320 2456 mala
1338 2392 1441 2455 instar
1460 2391 1626 2455 infortunii
1646 2401 1696 2455 est
1706 2389 1740 2455 Β)
1771 2412 1857 2473 quae

457 2504 557 2567 etiam
580 2505 710 2582 docent,
728 2505 953 2585 potentiorum
976 2524 1106 2584 semper
1129 2524 1200 2566 esse
1223 2503 1426 2567 uicinitatem
1449 2502 1621 2566 uitandam
1644 2504 1857 2567 tenuioribus.

453 2613 547 2690 ¹Sunt
569 2636 590 2678 a
611 2617 765 2697 proxime
787 2615 1013 2679 habitantibus
1035 2615 1130 2678 bonis
1152 2615 1248 2692 bona,
1271 2614 1365 2677 malis
1391 2614 1478 2677 mala
1487 2615 1508 2677 ⁹.
1554 2613 1610 2678 Sic
1633 2624 1667 2678 et
1689 2614 1794 2678 Plato.
1826 2624 1859 2678 et

458 2726 505 2789 sic
520 2725 769 2806 Themistocles,
784 2748 887 2809 quum
902 2727 1041 2791 fundum
1058 2728 1223 2800 uenderet,
1233 2727 1408 2808 ,predicare
1424 2745 1599 2807 preconem
1615 2725 1716 2803 iussit,
1733 2726 1858 2789 bonurn

459 2835 506 2899 illi
525 2837 668 2899 uicinum
687 2837 804 2901 adesse
813 2836 846 2901 1⁰.
870 2838 959 2919 quod
979 2838 1172 2918 interpretes
1190 2838 1233 2900 ad
1251 2838 1301 2899 ius
1320 2845 1436 2899 notant
1446 2834 1480 2899 1¹.
1525 2834 1640 2918 Atque
1659 2837 1857 2902 eiuscemodi

458 2949 601 3031 plurima
623 2959 708 3012 sunt.
753 2948 865 3033 Quare
883 2969 943 3013 nec
961 2949 988 3012 si
1006 2949 1102 3014 uicini
1118 2948 1151 3011 hi
1170 2947 1274 3012 uelint
1291 2948 1413 3012 subditi
1433 2956 1562 3012 mutare
1580 2968 1674 3011 suam
1693 2949 1858 3013 condicio·

455 3079 541 3135 nem,
564 3080 624 3123 nec
647 3061 674 3122 si
694 3059 817 3123 delicto
840 3060 874 3122 in
897 3060 1079 3141 principem
1106 3080 1202 3121 suum
1226 3059 1403 3122 commisso
1427 3067 1556 3122 mutare
1578 3068 1749 3142 coguntur,
1775 3059 1858 3123 serre

458 3170 492 3232 id
511 3170 594 3233 alius
612 3171 738 3234 uicinus
760 3171 887 3252 cogitur
908 3171 1069 3253 princeps,
1086 3170 1137 3233 cui
1160 3190 1267 3252 neque
1286 3169 1420 3233 alterius
1439 3169 1602 3248 uoluntas,
1621 3179 1679 3233 aut
1701 3171 1859 3235 delictum

457 3279 573 3345 afferre
588 3283 823 3346 detrimentum
840 3282 949 3346 debet.
985 3282 1108 3346 Ueneti
1123 3280 1233 3363 legati,
1250 3280 1330 3344 dum
1346 3282 1552 3345 intercedunt
1568 3302 1627 3372 pro
1644 3281 1859 3364 Sigismundo

459 3393 638 3457 Malatesta
660 3395 749 3476 apud
773 3394 868 3456 Pium
889 3394 1080 3470 secundum,
1099 3393 1200 3456 etiarn
1218 3391 1280 3455 hoc
1304 3393 1427 3470 dicunt,
1446 3393 1570 3457 uicinos
1589 3395 1751 3476 principes
1769 3392 1858 3457 nolle

457 3505 559 3568 alium
581 3504 701 3568 habere
725 3505 887 3569 uicinum:
914 3526 1013 3587 quem
1037 3513 1205 3586 praeterea
1229 3524 1288 3567 nec
1311 3504 1467 3582 sciebant,
1485 3505 1558 3587 quis
1576 3504 1706 3568 futurus
1725 3513 1811 3568 esset
1822 3503 1858 3567 ¹².

458 3617 505 3680 Et
535 3627 637 3696 notes,
664 3618 754 3700 quod
786 3617 1018 3698 Sigismundus
1048 3616 1148 3698 opida
1179 3615 1313 3679 tenebat
1344 3616 1387 3679 ab
1418 3614 1572 3680 ecclesia:
1608 3626 1641 3680 et
1667 3615 1857 3679 criminibus

456 3728 609 3791 admissis
630 3729 784 3793 amittere
807 3727 863 3791 illa
886 3729 1002 3791 merito
1025 3727 1149 3790 debuit.
1196 3725 1254 3788 An
1273 3747 1351 3789 uera
1370 3725 1451 3791 haec
1470 3728 1536 3790 sint
1555 3727 1587 3789 in
1607 3726 1730 3790 caussis
1749 3727 1857 3808 priua·

457 3847 576 3916 torum,
600 3839 801 3902 dubitauerit
823 3837 962 3901 sortasse
984 3858 1050 3901 non
1075 3858 1181 3900 nem0.
1212 3858 1289 3900 nam
1313 3838 1460 3919 priuatus
1483 3858 1582 3920 posse
1604 3837 1710 3900 lacere
1732 3838 1776 3900 de
1800 3857 1860 3900 suo

458 3949 596 4028 uidetur,
612 3952 701 4033 quod
718 3951 798 4027 uult,
813 3951 839 4013 si
856 3951 917 4014 sibi
933 3951 1076 4032 prodest,
1093 3959 1126 4012 et
1144 3948 1237 4012 alteri
1261 3958 1358 4012 nocet
1368 3947 1402 4012 ¹³.
1434 3970 1512 4013 uera
1530 3957 1642 4013 tamen
1661 3949 1707 4012 sic
1726 3957 1803 4011 sunt
1826 3950 1859 4011 in

722 4251 956 4317 ¹Clc.proSyl.3.
1153 4250 1197 4298 ⁹1.
1210 4251 1274 4313 3.de
1286 4249 1328 4300 ho.
1340 4249 1368 4300 li.
1381 4265 1418 4298 ex.
1431 4249 1476 4313 (D.
1489 4266 1530 4312 43.
1545 4251 1597 4316 ²9)-

524 4335 566 4384 ³1.
579 4334 806 4399 54.deleg.2(D.
820 4332 950 4396 31);Bal.
962 4332 1014 4395 l.9.
1027 4332 1150 4395 C.depa.
1164 4331 1198 4380 in.
1211 4348 1260 4382 em.
1273 4334 1308 4395 (4.
1321 4333 1373 4396 54).
1574 4331 1672 4381 ‘Pind.
1684 4332 1758 4381 Nem.
1772 4343 1794 4396 7.

588 4415 598 4445 ⁵
614 4416 677 4466 Call.
691 4416 743 4480 Hy.
757 4417 813 4466 Cer.
825 4417 843 4464 l.
857 4416 911 4464 118.
975 4412 985 4442 ⁶
1006 4415 1073 4463 Heb.
1086 4413 1188 4478 Apoph.
1201 4412 1244 4462 lib.
1256 4428 1278 4462 1.
1291 4422 1317 4464 et
1329 4429 1352 4476 3.
1419 4415 1428 4443 ⁷
1447 4415 1536 4465 Hesio.
1548 4430 1569 4466 1.
1582 4415 1631 4480 Op.
1643 4414 1659 4464 l.
1674 4415 1729 4477 346.

557 4499 566 4528 ⁸
584 4497 653 4548 Faer.
668 4497 730 4549 Fab.
744 4511 788 4560 57:
807 4497 863 4546 Ale.
876 4495 960 4545 Embl.
975 4496 1030 4558 164.
1133 4496 1155 4548 ‚⁹
1173 4496 1236 4544 Plat.
1249 4495 1341 4559 Euthy.
1461 4496 1481 4528 ¹⁰
1496 4499 1551 4548 Plu.
1564 4498 1667 4562 Apoph.
1680 4496 1763 4560 (185).

457 4582 473 4612 ¹¹
490 4581 506 4629 l.
520 4595 557 4643 35.
570 4581 669 4630 decon.
681 4595 731 4630 em.
744 4579 838 4644 (D.18.
850 4581 884 4642 r).
917 4577 1023 4627 ”Com
1037 4577 1082 4626 Pii.
1097 4576 1173 4626 nlib.
1186 4590 1224 4627 ιο.
1258 4578 1310 4628 L⁹1.
1324 4578 1361 4628 26.
1373 4579 1404 4628 de
1416 4578 1510 4630 dainl.
1523 4579 1760 4644 (D.59.2);Alex.
1772 4586 1856 4640 a.174.
