4522 5570
470 741 515 819 64
958 751 1159 806 ALBERICI
1188 751 1387 805 GENTILIS

473 998 507 1054 et
540 1007 655 1054 omnes
688 989 838 1054 homines
868 991 1049 1074 populares,
1076 991 1330 1073 municipesque,
1355 1000 1389 1054 et
1418 990 1520 1055 ueluti
1550 1000 1736 1056 armentum
1766 1014 1869 1056 unum

474 1112 673 1175 compascuo
706 1095 739 1156 in
768 1115 848 1176 agro
877 1114 1091 1176 compascens
1100 1092 1123 1157 ¹.
1180 1094 1289 1159 Omne
1317 1093 1389 1174 hoc,
1416 1096 1505 1177 quod
1533 1095 1633 1175 uides,
1655 1116 1723 1178 quo
1749 1097 1869 1176 diuina,

472 1212 574 1286 atque
597 1203 743 1268 humana
764 1205 917 1269 conclusa
938 1214 1023 1283 sunt,
1041 1225 1143 1268 unum
1166 1214 1224 1281 est,
1244 1205 1394 1269 membra
1415 1226 1529 1270 sumus
1555 1207 1699 1289 corporis
1726 1207 1836 1289 magni
1846 1206 1869 1270 ².

475 1313 523 1378 Et
540 1316 681 1378 mundus
700 1336 801 1379 unum
819 1323 870 1379 est
890 1335 1007 1398 corpus
1024 1317 1160 1380 scilicet.
1206 1316 1334 1380 Natura
1352 1325 1465 1380 autem
1486 1337 1547 1381 nos
1567 1326 1725 1398 cognatos
1745 1319 1869 1382 edidit:

474 1445 549 1490 cum
572 1447 616 1490 ex
637 1425 762 1500 iisdem,
786 1435 820 1491 et
843 1427 875 1489 in
900 1428 1016 1490 eadem
1039 1428 1198 1510 gigneret.
1244 1426 1339 1491 Haec
1358 1427 1453 1490 nobis
1472 1436 1623 1491 mutuum
1642 1429 1762 1493 indidit
1779 1449 1870 1492 amo·

473 1557 552 1612 rem,
576 1547 611 1602 et
633 1537 805 1601 sociabiles
826 1525 915 1602 fecit:
957 1538 1072 1620 Atque
1095 1538 1235 1602 societas
1252 1537 1334 1602 haec
1357 1547 1470 1602 nostra
1491 1538 1640 1621 lapidum
1663 1539 1869 1604 fornicationi

472 1647 649 1726 simillima,
665 1669 806 1724 casurae,
823 1649 883 1712 nisi
902 1649 1043 1713 Inuicem
1061 1649 1232 1713 obstarent
1250 1659 1284 1713 et
1302 1650 1500 1714 sustinerent
1515 1671 1551 1713 se
1566 1649 1691 1734 lapides
1701 1650 1725 1712 ³.
1768 1651 1868 1733 Quod

472 1759 639 1842 praeclare
665 1760 803 1826 Seneca.
858 1761 903 1824 Et
928 1760 1018 1842 quod
1045 1759 1179 1838 Gellius,
1200 1760 1293 1842 quasi
1318 1770 1434 1824 mutuo
1457 1761 1608 1839 aduersu,
1631 1771 1665 1825 et
1691 1760 1774 1826 fulta
1797 1763 1868 1824 nisu

473 1871 623 1936 consistit
633 1870 655 1936 ⁴.
701 1871 797 1936 Haec
813 1875 937 1936 ‘rerum
956 1873 1131 1937 concordia
1149 1871 1290 1937 discors!
1314 1881 1350 1936 ut
1365 1872 1412 1935 ait
1436 1870 1596 1935 Horatius
1606 1871 1628 1937 ⁶.
1672 1870 1788 1955 Atque
1811 1892 1870 1937 nos

474 1984 574 2048 etiam
592 1992 701 2048 antea.
747 1985 845 2049 Nunc
860 2005 938 2049 uero
955 1984 1059 2063 audis,
1074 1993 1182 2048 totum
1201 1983 1362 2047 mundum
1378 2003 1448 2048 esse
1464 2004 1582 2066 eorpus
1597 2004 1708 2062 unum,
1723 1994 1757 2049 et
1774 1983 1869 2048 hom-

472 2095 543 2159 ines
557 2116 673 2159 omnes
691 2096 839 2160 membra
855 2117 926 2160 esse
940 2095 1037 2159 huius
1055 2096 1208 2179 corporis,
1223 2105 1257 2160 et
1278 2096 1439 2159 mundum
1454 2095 1591 2159 domum
1610 2115 1681 2160 esse
1699 2095 1812 2160 audis:
1835 2105 1870 2160 et

473 2227 544 2270 esse
562 2207 738 2272 ciuitatem.
785 2207 881 2290 Quae
898 2208 976 2271 audi
994 2227 1112 2287 rursus,
1128 2227 1205 2270 nam
1228 2207 1341 2289 pulcra
1361 2214 1447 2270 sunt.
1491 2206 1657 2269 ‘Mundus
1680 2206 1799 2270 domus
1820 2216 1869 2270 est

473 2320 644 2384 ‘maxima
670 2316 798 2382 rerum?
823 2300 869 2382 sic
893 2318 1007 2383 Uarro.
1062 2317 1117 2383 ‘Si
1143 2318 1266 2382 sociale
1291 2318 1414 2382 animal
1440 2316 1541 2381 homo
1568 2326 1626 2395 est,
1653 2326 1686 2381 et
1716 2318 1749 2381 in
1779 2338 1870 2382 com-

474 2434 598 2492 ‘mune
620 2431 759 2513 genitus,
782 2430 943 2493 mundum
965 2439 1003 2494 ut
1028 2450 1127 2493 unam
1149 2430 1288 2493 domum
1310 2427 1459 2511 spectat?
1488 2429 1535 2492 sic
1560 2427 1689 2494 Seneca
1717 2429 1836 2493 iterum
1846 2431 1868 2494 ⁶.

474 2540 639 2605 Mundum
655 2540 735 2605 dicit
751 2540 1007 2623 rempublicam:
1034 2541 1228 2605 Lactantius
1237 2540 1259 2605 ⁷.
1304 2540 1465 2623 Magnam
1480 2539 1669 2604 ciuitatem:
1692 2560 1792 2604 unam
1808 2540 1868 2603 rei-

473 2652 626 2735 publicae
647 2651 795 2730 sormam,
815 2661 849 2715 et
872 2672 972 2714 unum
998 2652 1047 2714 ius
1070 2651 1270 2716 habentem:
1302 2650 1396 2714 Philo
1406 2649 1428 2715 ⁸.
1476 2651 1636 2716 Omnium
1659 2671 1758 2715 unam
1784 2672 1868 2715 rem-

473 2762 649 2846 publicam,
662 2772 696 2827 et
712 2782 921 2826 communem
937 2763 1084 2826 omnium
1101 2763 1279 2841 ciuitatem,
1290 2761 1521 2841 Tertullianus,
1532 2761 1716 2825 Minutius⁹.
1742 2762 1868 2826 Urbem

474 2875 632 2938 maiorem
648 2874 748 2938 etiarn
764 2872 963 2937 Aristoteles
973 2871 1006 2938 ¹⁰.
1044 2873 1215 2956 Quantum
1235 2894 1432 2937 consensum
1455 2871 1664 2957 sapientum?
1705 2871 1806 2935 Adde
1826 2874 1869 2938 de

473 2987 640 3064 societate,
655 2986 745 3068 quod
763 2984 886 3062 Cicer0,
902 2983 1070 3049 ‘Societas
1087 2993 1147 3059 est,
1164 2980 1268 3067 (quod
1284 2985 1345 3048 etsi
1364 3004 1463 3067 saepe
1478 2985 1603 3049 dictum
1619 2993 1677 3062 est,
1692 2984 1868 3048 dicendum

473 3102 610 3163 ‘tamen
628 3106 678 3162 est
696 3093 841 3182 saepius)
856 3095 1014 3160 latissime
1031 3094 1167 3177 quidem
1185 3115 1270 3177 quae
1288 3104 1390 3177 patet,
1405 3093 1578 3159 hominum
1597 3097 1682 3160 inter
1697 3094 1868 3158 homines:

474 3210 630 3274 ‘interior
647 3227 761 3273 eorum
779 3207 835 3290 qui
854 3207 1000 3270 eiusdem
1019 3205 1128 3287 gentis
1147 3213 1242 3270 sunt:
1269 3206 1403 3289 propior
1420 3227 1532 3269 eorum
1550 3207 1606 3288 qui
1626 3206 1772 3270 eiusdem
1791 3205 1869 3270 ciui-

473 3319 594 3387 ‘tatis’
640 3322 686 3385 Et
708 3319 806 3398 alibi;
830 3318 903 3382 ‘Ita
925 3317 994 3382 nati
1017 3337 1138 3396 sumus,
1161 3326 1199 3381 ut
1221 3318 1305 3380 inter
1326 3338 1442 3381 omnes
1460 3317 1503 3380 sit
1525 3317 1664 3381 societas
1684 3318 1867 3399 quaedam:

475 3434 602 3497 ‘maior
623 3443 745 3510 autem,
761 3441 797 3495 ut
819 3430 958 3513 quisque
976 3428 1128 3512 proxime
1150 3428 1287 3492 accedit.
1317 3428 1405 3492 ciues
1422 3427 1566 3510 potiores
1585 3428 1771 3510 peregrinis,
1793 3446 1869 3509 pro·

474 3544 611 3628 ‘pinqui
625 3536 792 3607 alienis¹¹.'
837 3540 881 3604 Et
897 3551 962 3604 tres
980 3541 1027 3605 ita
1041 3539 1249 3621 Augustinus
1268 3548 1362 3602 notat
1379 3539 1561 3615 societates,
1578 3539 1718 3621 primam
1742 3538 1868 3616 domus,

472 3656 652 3720 secundam
675 3653 772 3734 urbis,
793 3653 926 3718 tertiam
951 3651 1048 3716 orbis.
1082 3659 1182 3733 atque
1206 3651 1261 3730 ait,
1288 3651 1475 3715 coniunctas
1504 3650 1538 3712 In
1563 3649 1643 3714 orbe
1668 3659 1785 3732 gentes
1810 3669 1869 3732 per

471 3768 664 3832 societatem
693 3766 872 3830 humanam
882 3762 916 3829 ¹².
961 3762 1051 3846 Quid
1082 3783 1161 3826 uero
1187 3762 1250 3826 ista
1275 3761 1414 3826 societas
1439 3771 1473 3826 et
1499 3759 1705 3826 coniunctio?
1749 3760 1868 3825 ‘Bonis

470 3880 580 3943 ‘inter
595 3880 700 3943 bonos
718 3877 811 3960 quasi
830 3876 1011 3941 necessaria
1028 3873 1257 3938 beneuolentia
1274 3873 1330 3956 qui
1348 3873 1512 3937 amicitiae
1530 3872 1603 3937 fons
1620 3893 1641 3936 a
1659 3881 1776 3937 natura
1793 3893 1869 3937 con·

473 3993 639 4069 ‘stitutus
657 3991 716 4053 sed
736 3990 854 4054 eadem
871 3988 1002 4052 bonitas
1024 3987 1126 4050 etiam
1147 3986 1190 4049 ad
1214 3984 1461 4048 multitudinem
1483 3984 1633 4066 pertinet.
1679 3985 1758 4048 Non
1781 3983 1868 4048 enim

473 4109 547 4168 ‘est
569 4101 748 4165 inhumana
771 4102 881 4178 uirtus,
899 4118 1005 4181 neque
1028 4098 1189 4172 immanis,
1207 4117 1314 4178 neque
1337 4095 1487 4177 superba,
1505 4117 1591 4178 quae
1609 4095 1709 4159 etiam
1728 4093 1869 4179 populos

473 4383 482 4414 ¹
500 4382 564 4432 Plut.
578 4393 599 4430 ι.
610 4379 642 4429 de
652 4377 716 4429 Uirt.
730 4377 801 4427 Alex.
814 4379 850 4440 (p.
865 4375 931 4439 3²9l·
1003 4373 1012 4401 ⁵
1030 4372 1135 4438 Niceph.
1148 4371 1191 4421 Gr.
1202 4370 1246 4422 lib.
1259 4387 1282 4435 4.
1354 4370 1364 4399 ³
1380 4369 1436 4421 Seu.
1448 4369 1496 4435 Ep.
1508 4369 1548 4433 96.
1613 4369 1624 4398 ¹
1639 4367 1706 4419 Gell.
1719 4369 1763 4421 lib.
1775 4369 1799 4419 6.
1811 4385 1831 4419 c
1847 4384 1867 4418 1.

571 4461 582 4492 ⁸
599 4461 663 4511 Hor.
677 4475 699 4509 1.
710 4460 757 4524 Ep.
772 4471 810 4506 12.
825 4471 862 4521 ¹9·
1004 4453 1014 4484 ⁶
1030 4455 1085 4506 Sen.
1097 4454 1142 4504 ult.
1153 4453 1185 4501 de
1197 4451 1279 4503 Benes.
1421 4451 1432 4482 ἵ
1449 4452 1518 4502 laet.
1532 4451 1563 4501 de
1574 4451 1615 4500 Ira
1627 4450 1684 4500 Dei.
1696 4467 1718 4502 c.
1733 4465 1770 4501 ro.

539 4546 549 4576 ¹
566 4544 631 4595 Phil.
642 4543 705 4593 lose.
718 4543 755 4606 (p.
767 4541 836 4604 531).
1026 4535 1036 4565 ⁹
1053 4536 1085 4585 T.
1098 4533 1174 4601 Apol.
1186 4551 1206 4585 c.
1220 4545 1268 4597 37:
1285 4534 1323 4585 M.
1337 4534 1394 4586 Oct.
1583 4533 1601 4563 ¹⁰
1618 4532 1695 4583 Arist.
1706 4532 1737 4584 de
1748 4534 1802 4585 Mu.

654 4625 672 4655 ¹¹
689 4624 742 4675 Cic
755 4637 778 4688 3.
788 4623 821 4672 de
831 4619 881 4672 off.
896 4629 939 4682 17:
956 4619 1024 4669 Lael.
1037 4631 1060 4681 5.
1354 4617 1373 4647 ¹¹
1389 4619 1455 4682 Aug.
1470 4631 1508 4682 19.
1519 4617 1550 4668 de
1561 4615 1616 4666 Ciu.
1629 4631 1650 4666 c„
1663 4631 1686 4680 3.
