4522 5570
733 712 794 766 DE
822 712 925 767 JURE
953 710 1088 779 BELLI,
1117 711 1245 780 LIB.I‚
1278 711 1364 766 CAP.
1388 712 1469 768 XIV.
1759 703 1797 766 61

404 978 534 1041 semper
557 957 805 1041 progrediendo,
832 955 933 1020 finem
957 954 1117 1019 bellorum
1145 976 1211 1018 non
1237 955 1411 1034 faciebant,
1436 967 1470 1022 et
1493 959 1663 1041 potentiae
1684 959 1801 1042 ampli·

406 1070 555 1134 ficandae
564 1067 585 1133 ¹.
646 1067 701 1133 Sic
732 1066 896 1148 Campani
929 1087 989 1148 pro
1027 1066 1181 1131 Sidicinis
1214 1075 1329 1130 contra
1366 1067 1541 1134 Samnites.
1574 1080 1608 1136 et
1640 1072 1802 1154 inquiunt,

406 1179 657 1262 ‘Pugnauimus
675 1179 778 1243 uerbo
795 1199 856 1261 pro
875 1177 1037 1252 Sidicinis,
1054 1197 1088 1240 re
1106 1197 1166 1258 pro
1185 1177 1298 1240 nobis:
1322 1198 1397 1241 cum
1419 1181 1606 1245 uideremus
1625 1181 1802 1247 finitimum

406 1297 413 1325 ‘
429 1290 590 1374 populum
606 1290 730 1355 nefario
745 1289 918 1354 latrocinio
935 1288 1134 1354 Samnitium
1150 1289 1238 1371 peti:
1262 1297 1296 1352 et
1311 1289 1367 1352 ubi
1383 1289 1640 1372 conflagrassent
1657 1292 1804 1373 Sidicini,

407 1404 474 1467 ‘ad
498 1423 559 1467 nos
576 1403 789 1466 traiecturum
808 1401 889 1464 illud
908 1401 1096 1465 incendium
1117 1419 1188 1463 esse
1196 1396 1229 1462 ²!
1275 1399 1371 1482 Quae
1385 1410 1419 1465 et
1437 1401 1681 1483 Hermocrates,
1700 1407 1804 1471 iustus

407 1514 457 1577 uir
472 1513 709 1596 Syracusanus,
724 1511 933 1575 ‘Arbitratur
946 1509 1063 1593 aliquis
1078 1518 1237 1588 nostrum,
1252 1512 1427 1574 remotiore
1443 1512 1550 1576 uicino
1566 1514 1632 1577 iam
1647 1516 1805 1583 subuerso

408 1628 416 1655 ‘
435 1643 500 1687 non
516 1624 732 1687 deuenturam
748 1621 781 1685 in
794 1643 828 1685 se
839 1641 971 1705 quoque
983 1620 1206 1685 calamitatem
1218 1617 1267 1682 ³?’
1306 1620 1361 1686 Sic
1374 1621 1518 1702 Perseus,
1531 1625 1577 1688 sic
1593 1625 1805 1692 Mithridates

407 1735 565 1798 aduersus
587 1733 774 1815 potentiam
798 1732 1025 1796 Romanorum
1048 1731 1230 1795 monebant
1251 1730 1342 1808 alios,
1360 1742 1393 1796 et
1411 1733 1609 1800 inuocabant
1618 1734 1640 1801 ⁴.
1686 1739 1805 1822 Neque

408 1844 497 1907 enim
527 1844 715 1908 occasiones
745 1845 865 1907 desunt
891 1842 968 1906 belli
998 1842 1049 1905 bis
1079 1841 1135 1924 qui
1165 1842 1208 1906 ad
1239 1841 1412 1924 imperium
1442 1847 1646 1911 contendunt
1676 1856 1710 1913 et
1739 1850 1805 1915 iam

406 1953 512 2019 odiosi
532 1963 666 2036 propter
687 1953 871 2036 potentiam
893 1963 979 2018 sunt.
1008 1953 1098 2035 quod
1120 1953 1187 2016 suis
1211 1952 1262 2016 his
1281 1953 1442 2018 Romanis
1464 1955 1511 2020 ait
1525 1956 1659 2040 Appius
1676 1959 1806 2027 alicubi.

408 2076 442 2130 et
457 2065 664 2129 uerissimum
679 2065 841 2148 apparuit.
864 2055 951 2128 'nam
966 2065 1062 2128 sociis
1077 2072 1178 2145 atque
1192 2063 1307 2128 amicis
1321 2065 1445 2128 auxilia
1465 2088 1545 2131 mox
1563 2070 1700 2135 ferendo
1718 2077 1806 2140 nacti

409 2176 581 2258 imperium
596 2176 685 2240 orbis
700 2184 776 2239 sunt
786 2176 808 2240 ⁶.
845 2174 914 2240 Sed
928 2174 1011 2239 haec
1026 2173 1121 2256 plura
1137 2173 1301 2255 exempla,
1317 2195 1403 2257 quae
1418 2177 1520 2240 etalii
1535 2179 1582 2243 sic
1597 2181 1807 2266 adnotarunt,

410 2297 444 2351 et
466 2307 552 2369 quae
574 2288 621 2350 sic
644 2287 739 2351 nobis
761 2287 931 2351 declarant
953 2286 1003 2349 ius
1029 2285 1117 2367 quod
1142 2284 1328 2366 quaerimus
1349 2287 1499 2367 gentium
1509 2289 1530 2353 ⁶.
1572 2291 1687 2358 Turcis
1709 2295 1807 2374 illinc,

412 2399 571 2481 Hispanis
594 2396 680 2477 hinc,
704 2398 940 2462 meditantibus
966 2396 1088 2479 ubique
1113 2395 1329 2474 dominatum,
1353 2406 1386 2460 et
1415 2398 1634 2482 molientibus,
1657 2427 1722 2470 non
1748 2410 1808 2473 ob-

409 2510 562 2574 sisterent
587 2530 703 2574 omnes
731 2507 928 2573 iustissime?
974 2509 1052 2571 Non
1075 2507 1209 2589 quidem
1231 2505 1310 2570 facit
1331 2507 1442 2572 multis
1464 2509 1572 2577 Turca
1595 2513 1753 2598 iniuriam,
1774 2531 1809 2586 et

410 2641 470 2685 nec
494 2621 686 2703 Hispanus:
718 2641 826 2702 neque
844 2620 877 2682 id
896 2619 950 2683 ille
969 2627 1088 2702 potest,
1106 2628 1164 2683 aut
1182 2618 1263 2683 iste:
1287 2620 1345 2684 sed
1362 2620 1560 2702 quibusdam
1582 2625 1670 2692 facit.
1707 2639 1808 2714 atque

409 2731 465 2795 uni
477 2731 532 2814 qui
548 2731 657 2805 saciat,
673 2732 700 2794 is
715 2729 864 2813 plurimis
880 2728 1079 2794 minitaturi.
1121 2730 1352 2813 Expectentur
1365 2751 1457 2796 arma
1472 2733 1565 2816 ipsa?
1608 2737 1809 2808 Audiuimus

410 2843 452 2908 de
474 2841 592 2906 Turcis
618 2850 706 2918 ante,
730 2850 764 2906 et
787 2861 904 2904 omnes
926 2839 1095 2905 cernimus.
1142 2841 1195 2906 De
1222 2841 1382 2924 Hispanis
1407 2842 1434 2906 si
1458 2845 1531 2926 quis
1554 2867 1621 2911 non
1644 2852 1757 2931 cernit,
1781 2855 1808 2919 is

410 2954 524 3018 audiat
549 2973 570 3017 a
598 2954 632 3018 P.
661 2952 764 3031 Iouio,
788 2951 984 3034 impotentia
1014 2960 1048 3015 et
1074 2953 1210 3016 istomm
1237 2973 1309 3016 esse
1335 2953 1472 3036 ingenia,
1497 2967 1598 3039 atque
1624 2961 1723 3027 auida
1748 2965 1809 3027 im-

411 3065 568 3147 perandi:
607 3064 731 3146 quique
757 3084 832 3128 cum
857 3063 1043 3146 irrepserint
1068 3063 1181 3139 semel,
1207 3064 1250 3127 ad
1277 3084 1441 3128 summam
1467 3088 1598 3151 semper
1623 3075 1808 3154 potentiam

410 3176 534 3239 artibus
556 3175 682 3239 cunctis
704 3174 881 3239 intendunt
890 3172 915 3237 ⁸.·
954 3173 1194 3239 Obsistendum
1216 3174 1323 3255 igitur.
1364 3176 1411 3240 Et
1430 3197 1546 3242 cauere
1564 3183 1667 3246 satius
1689 3194 1748 3260 est,
1768 3208 1809 3252 ne

411 3285 561 3350 homines
584 3295 748 3367 augentur
773 3285 911 3350 nimium
937 3285 1094 3368 potentia,
1121 3304 1221 3367 quarn
1252 3294 1366 3349 contra
1391 3289 1593 3368 potentiores
1619 3303 1735 3376 postea
1759 3319 1809 3364 re-

413 3397 559 3461 medium
589 3417 743 3481 quaerere
752 3398 774 3460 ⁹.
834 3397 944 3460 ‘Dum
974 3417 1095 3479 paruus
1126 3403 1176 3458 est
1208 3395 1322 3470 hostis,
1353 3396 1508 3465 interfice.
1570 3404 1736 3488 Nequitia,
1768 3431 1809 3475 ne

414 3515 421 3542 ‘
437 3507 563 3572 zizania
575 3516 731 3587 crescant,
743 3508 885 3572 elidatur
899 3508 933 3571 in
948 3506 1090 3573 semine!
1120 3527 1178 3570 cur
1189 3526 1255 3569 non
1268 3507 1330 3588 ista
1347 3505 1544 3592 Hieronymi
1561 3525 1594 3579 et
1609 3516 1662 3582 hic
1677 3530 1757 3602 apta
1766 3520 1810 3586 ¹⁰?

414 3620 653 3686 Obsistendum
678 3621 899 3684 communiter
924 3619 1067 3702 periculo
1091 3617 1267 3683 communi.
1312 3618 1424 3682 Etiam
1449 3625 1708 3704 separatissimos
1732 3653 1809 3697 con·

413 3739 530 3814 gregat
545 3730 728 3795 communis
744 3731 850 3794 timor.
867 3739 904 3795 ut
920 3751 941 3794 a
959 3739 1075 3794 natura
1089 3729 1135 3792 sic
1153 3737 1203 3792 est
1222 3727 1362 3793 inditum
1378 3755 1385 3793 :
1409 3741 1442 3796 et
1458 3734 1500 3797 de
1515 3733 1697 3803 Aristotele
1714 3743 1812 3809 docet

415 3842 538 3906 Baldus
568 3851 679 3906 noster
688 3839 720 3905 ¹¹.
767 3840 900 3923 ‘Atque
924 3841 970 3904 sic
994 3849 1045 3904 est
1075 3841 1158 3904 ratio
1181 3839 1399 3922 imperiorum,
1425 3863 1466 3906 ne
1487 3847 1596 3933 noceri
1620 3849 1744 3930 possit?
1773 3865 1810 3919 ut

413 3955 516 4038 probe
536 3953 682 4035 quisquis
703 3951 757 4015 ille
775 3954 864 4034 apud
884 3952 1083 4034 Dionysium
1093 3950 1128 4016 ¹².
1157 3950 1303 4034 nihilque
1322 3952 1438 4032 uerius,
1456 3963 1491 4018 et
1508 3957 1598 4022 uelut
1616 3960 1659 4023 ab
1677 3965 1810 4030 oraculo

410 4063 616 4146 profectum:
639 4062 759 4127 iudicio
775 4061 903 4126 Bodini.
949 4063 1068 4125 ‘Posse
1087 4082 1212 4140 nocere,
1228 4071 1280 4126 sat
1300 4072 1360 4127 est.
1406 4063 1572 4150 Quodque
1594 4079 1705 4152 potest
1727 4075 1810 4142 alios

414 4176 582 4258 ‘perdere,
609 4175 711 4258 perde
741 4173 829 4258 prior
837 4169 882 4238 ¹³!
936 4173 1030 4257 Apte
1055 4174 1109 4238 hic
1135 4184 1235 4257 poeta
1260 4174 1456 4258 ingeniosus.
1510 4180 1556 4244 Et
1578 4203 1736 4266 pergraue
1759 4200 1810 4254 est

462 4433 687 4498 1Xen‚5,G12e0
702 4448 723 4485 2,
775 4431 912 4485 ’Liulib
926 4441 1034 4497 7.c.30.
1089 4432 1318 4487 ’Thuc.lib.6.e
1332 4445 1371 4500 77.
1427 4438 1512 4490 ‘Sall¹
1523 4441 1586 4508 frag.
1597 4443 1758 4510 lib.4,Hisr.

542 4516 645 4567 anion,
659 4515 710 4566 Ha
721 4515 767 4565 lib.
778 4531 802 4580 9.
900 4515 990 4566 ‘Bod
1004 4530 1026 4580 5.
1037 4516 1068 4566 de
1079 4517 1142 4580 Rep.
1155 4515 1189 4567 ul.
1287 4517 1342 4568 ³1³.
1354 4519 1409 4585 Syr.
1507 4522 1588 4577 'Ion
1599 4525 1643 4579 lib.
1657 4543 1678 4580 1.

414 4600 516 4652 'Arist
529 4613 552 4663 5.
564 4599 619 4650 Pol.
630 4598 655 4649 8.
695 4598 714 4630 ¹⁰
733 4598 803 4649 Hier.
816 4599 863 4665 Ep.
878 4614 899 4648 2.
940 4597 957 4626 ¹¹
974 4599 1027 4650 Bal.
1042 4613 1143 4650 acons.
1158 4599 1212 4651 266.
1254 4601 1273 4630 ²¹
1290 4602 1366 4654 Dion.
1382 4604 1433 4654 Ha.
1444 4605 1489 4657 lib.
1501 4605 1524 4656 6.
1567 4609 1585 4638 ¹⁸
1601 4609 1658 4661 Oui.
1672 4625 1694 4674 5.
1708 4614 1774 4666 Fast
1787 4617 1810 4665 8.
