4522 5570
734 719 794 773 ua
822 718 926 773 June
954 719 1087 792 secer,
1117 722 1196 780 ars.
1220 722 1262 795 rs,
1294 723 1382 779 cae.
1410 725 1458 781 VJ.
1734 736 1795 801 149

396 960 430 1023 in
453 960 623 1024 manibus:
646 979 712 1024 non
735 960 866 1025 desolo
888 961 1041 1040 sollertia,
1058 973 1091 1026 et
1109 963 1278 1043 similibus,
1294 986 1379 1047 quae
1398 967 1466 1030 imo
1485 966 1607 1031 usitata
1627 967 1797 1047 Romanis,

396 1080 431 1135 et
453 1072 547 1136 iusta.
602 1071 695 1136 Audi
717 1072 1001 1156 Ambrosiumque
1024 1075 1141 1139 eodem
1168 1078 1210 1140 de
1237 1077 1379 1141 Fabricii
1405 1078 1502 1157 sacto,
1525 1079 1725 1145 ‘Praeclare
1759 1091 1797 1146 ut

397 1184 476 1265 ‘qui
499 1183 628 1248 uirtutis
650 1193 817 1248 certamen
839 1195 1036 1268 susceperat,
1055 1186 1157 1251 nollet
1175 1208 1251 1252 cum
1269 1189 1383 1253 fraude
1401 1190 1540 1254 uincere.
1570 1200 1604 1254 et
1624 1191 1796 1256 uictoriam

394 1295 489 1358 ‘sine
506 1292 681 1358 honestate
699 1304 831 1378 turpem
848 1298 1087 1378 pronunciabat
1097 1294 1128 1362 ¹.'
1172 1298 1219 1362 Et
1236 1300 1356 1363 audisti
1376 1301 1536 1364 rationem
1555 1302 1796 1384 duodecimam,

396 1407 486 1488 quod
513 1426 574 1470 nec
599 1407 645 1470 sic
671 1409 855 1471 communis
881 1411 1037 1491 exempli,
1063 1409 1215 1493 fideique.
1250 1420 1284 1474 et
1310 1411 1618 1488 tertiamdecimam,
1639 1415 1730 1496 quod
1752 1415 1796 1478 sit

395 1527 510 1583 contra
534 1518 744 1583 honestatem
766 1528 800 1584 et
823 1531 937 1587 contra
959 1523 1190 1587 innocentiam.
1235 1522 1323 1586 Ecce
1349 1522 1420 1605 ipse
1447 1521 1590 1606 Pyrrhus
1616 1524 1659 1588 de
1682 1525 1796 1589 Fabri-

395 1630 456 1707 cio,
477 1629 561 1693 ‘Ille
582 1640 633 1694 est
654 1629 832 1706 Fabricius,
852 1632 908 1714 qui
928 1633 1090 1698 difficilius
1110 1634 1153 1697 ab
1172 1633 1355 1712 honestate,
1373 1654 1475 1716 quam
1497 1635 1547 1698 sol
1570 1655 1590 1698 a
1611 1656 1671 1699 suo
1692 1656 1796 1715 cursu,

396 1743 522 1805 ‘auerti
538 1740 693 1824 posset².'
738 1742 854 1807 Refert
871 1743 1023 1808 Ualerius
1040 1744 1210 1809 Maximus
1227 1746 1353 1810 sactum
1368 1755 1502 1811 senatus
1517 1746 1588 1824 hoc,
1603 1747 1637 1810 in
1651 1755 1795 1812 tractatu

396 1855 439 1917 de
468 1854 602 1918 iustitia.
658 1854 774 1919 Cicero
800 1856 856 1931 ait,
884 1856 1066 1938 ‘Magnum
1096 1857 1240 1922 dedecus
1267 1867 1300 1922 et
1329 1857 1500 1939 flagitium,
1526 1860 1660 1941 quicum
1687 1859 1795 1925 laudis

395 1968 584 2029 ‘certamen
611 1964 733 2044 suisset,
760 1986 835 2029 eum
862 1987 929 2030 non
955 1969 1085 2046 uirtute,
1107 1969 1165 2031 sed
1192 1968 1313 2032 scelere
1338 1979 1528 2052 superatum
1539 1969 1569 2034 ³.'
1615 1971 1796 2054 Improbis-

395 2076 497 2139 simus
523 2097 621 2159 porro
652 2077 773 2155 Nicias,
799 2077 915 2159 Pyrrhi
945 2079 972 2141 is
1002 2079 1169 2143 medicus:
1207 2089 1241 2143 et
1270 2088 1386 2143 contra
1410 2100 1510 2163 quem
1540 2081 1686 2146 medicus
1712 2083 1795 2148 alius

395 2188 542 2264 nobilior,
567 2189 641 2251 ‘Ne
670 2187 823 2252 hostibus
847 2189 983 2271 quidem
1013 2189 1138 2254 malum
1168 2191 1447 2255 medicamentum
1473 2192 1576 2270 dabit,
1601 2193 1658 2275 qui
1688 2213 1795 2258 sacra-

394 2302 531 2363 ‘mento
549 2300 733 2364 medicinae
750 2300 898 2382 legitime
916 2311 967 2365 est
985 2301 1152 2386 obligatus
1162 2302 1194 2367 ⁴.'
1224 2312 1257 2367 et
1275 2303 1359 2367 alius
1378 2306 1468 2386 apud
1486 2303 1677 2387 Apuleium,
1701 2306 1794 2371 ‘Nec

393 2416 510 2475 ‘meae
525 2420 634 2476 sectae
652 2413 820 2476 crederem
838 2414 1021 2492 conuenire,
1041 2435 1173 2479 caussas
1191 2414 1247 2478 ulli
1266 2416 1424 2497 praebere
1443 2417 1577 2495 mortis3
1600 2437 1662 2481 nec
1680 2416 1794 2496 exitio,

393 2524 476 2586 ‘sed
509 2522 607 2587 saluti
640 2522 812 2586 hominum
843 2525 1040 2588 medicinam
1070 2525 1254 2607 quaesitam
1264 2523 1297 2590 ὅ]
1343 2524 1439 2608 Quae
1467 2535 1580 2609 potest
1608 2547 1681 2591 esse
1709 2530 1794 2592 ratio

393 2635 639 2718 quartadecima
660 2635 703 2699 ab
725 2636 923 2700 auctoritate
949 2645 983 2700 et
1010 2636 1167 2719 exemplo
1190 2636 1402 2701 medicorum.
1448 2637 1516 2701 Cur
1541 2636 1630 2701 enim
1658 2640 1794 2704 medicis

392 2768 458 2812 non
481 2747 578 2813 liceat
601 2747 687 2812 male
706 2749 753 2812 uti
775 2757 845 2812 arte
867 2770 927 2813 sua
945 2759 1059 2813 contra
1080 2748 1201 2826 hostes,
1220 2760 1258 2814 ut
1274 2749 1353 2815 licet
1370 2749 1441 2814 aliis
1460 2750 1506 2815 sic
1525 2751 1573 2815 uti
1592 2751 1679 2816 male
1697 2753 1794 2817 bonis

392 2857 480 2922 suis?
525 2859 571 2922 Et
593 2880 687 2923 arma
707 2861 804 2937 enim,
827 2869 861 2924 et
883 2860 948 2925 alia
970 2861 1104 2925 inuenta
1125 2862 1254 2940 dataue
1276 2860 1374 2926 saluti
1396 2861 1577 2941 hominurn,
1596 2883 1662 2926 non
1686 2865 1793 2946 perni-

392 2967 462 3031 ciei.
508 2967 649 3032 Prosunt
675 2969 756 3046 uisu,
784 2970 811 3032 si
838 2989 905 3032 non
934 2989 1003 3033 usu.
1038 2977 1176 3052 prosunt
1202 2970 1388 3034 exercendo
1416 2971 1585 3053 ingenium
1609 2971 1793 3050 hominum,

393 3077 500 3161 inquit
523 3079 731 3145 Bernardus:
761 3090 796 3144 et
818 3080 963 3144 carmine
985 3081 1235 3163 incomparabili
1258 3080 1417 3163 Uirgilius
1440 3083 1567 3146 cecinit.
1624 3083 1687 3146 Est
1706 3103 1792 3161 uero,

390 3191 474 3254 ratio
503 3192 750 3273 quintadecima
778 3212 799 3255 a
828 3191 1100 3276 philosophorum
1133 3202 1167 3256 et
1196 3191 1335 3256 aliorum
1369 3193 1566 3275 scriptorum
1599 3194 1791 3258 sententiis:

391 3321 474 3384 quas
496 3304 683 3367 audiuimus
705 3302 823 3386 plures,
849 3304 1023 3383 Ciceronis,
1046 3304 1181 3382 Lucani,
1204 3303 1326 3382 Ouidii,
1355 3304 1538 3384 Claudiani,
1561 3305 1666 3385 Plinii,
1694 3305 1793 3386 Flori,

392 3410 474 3491 Silii,
504 3413 599 3494 Liuii,
623 3413 759 3493 Ualerii,
783 3414 902 3494 Taciti,
932 3415 1088 3495 Senecae,
1111 3415 1290 3493 Ambrosii,
1321 3416 1496 3494 Plutarchi,
1523 3415 1631 3482 Gellii.
1677 3417 1792 3501 Quot?

391 3527 527 3611 Quanta
552 3526 708 3592 nomina?
761 3528 863 3592 Adde
889 3528 1059 3593 Romanos
1081 3550 1120 3593 ac
1143 3529 1313 3612 Pyrrhum.
1369 3530 1520 3614 Respice,
1542 3533 1632 3614 quod
1661 3532 1732 3595 dixi
1758 3533 1791 3595 in

389 3641 499 3722 primo
515 3650 719 3722 argumento,
734 3641 790 3723 qui
810 3661 853 3703 ex
871 3642 1012 3705 aduerso
1030 3650 1115 3718 sunt,
1130 3642 1187 3724 qui
1204 3642 1335 3706 barbari
1354 3652 1439 3719 sunt,
1457 3640 1580 3720 Parthi,
1594 3641 1791 3725 Aethiopes,

390 3750 474 3828 Afri,
498 3748 613 3826 Getae,
637 3751 758 3833 Caspii,
782 3750 1055 3832 Heptacometae,
1078 3761 1112 3814 et
1134 3760 1263 3815 ueteres
1291 3751 1393 3830 Scoti,
1417 3751 1579 3834 Gallique,
1602 3762 1636 3817 et
1661 3752 1791 3817 Turcae

391 3880 530 3942 semper,
553 3870 587 3924 et
615 3860 670 3925 alii
696 3861 781 3925 tales
790 3861 811 3924 ⁶.
857 3859 894 3925 Si
924 3861 1011 3924 enIm
1036 3870 1266 3942 argumentum
1290 3862 1369 3924 recti
1394 3870 1454 3939 est,
1476 3861 1572 3926 malis
1597 3862 1789 3944 displicere:

390 3973 505 4055 utique
523 3981 573 4036 est
590 3981 822 4054 argumentum
841 3970 966 4054 obliqui
985 3980 1019 4036 et
1037 3971 1149 4053 iniqui,
1165 3971 1261 4036 malis
1279 3973 1428 4055 placere:
1450 3983 1683 4054 argumentum
1701 3973 1812 4049 boni,'

389 4085 486 4148 bonis
512 4083 672 4167 placeret
727 4082 839 4148 Etiam
861 4082 916 4147 ille
942 4083 1123 4166 episcopus,
1146 4083 1235 4149 ‘Sed
1258 4104 1319 4149 nec
1342 4085 1468 4159 ueneni,
1493 4085 1570 4150 licet
1591 4086 1724 4149 uideam
1746 4085 1790 4148 ab

510 4351 518 4379 ¹
535 4351 625 4402 Ambr.
638 4364 661 4412 3.
671 4349 703 4400 de
714 4349 763 4402 Off.
777 4363 815 4413 ¹4
974 4348 985 4378 ¹
1001 4351 1034 4402 A.
1046 4349 1113 4402 Vict.
1126 4351 1200 4402 Febr.
1361 4353 1372 4382 ⁸
1389 4352 1443 4404 Cic.
1456 4368 1478 4416 3.
1490 4352 1523 4404 de
1534 4352 1584 4404 Off.
1596 4368 1617 4405 e.
1631 4367 1670 4403 aa.

532 4435 542 4464 ⁴
558 4434 634 4484 Fom.
646 4433 663 4482 l.
678 4431 732 4496 236.
744 4433 775 4482 de
787 4433 819 4482 U.
830 4431 856 4482 S.
868 4432 914 4496 (D.
926 4444 966 4496 50.
980 4433 1032 4496 16).
1163 4433 1173 4463 ⁵
1189 4435 1245 4486 Ber.
1257 4436 1330 4486 Ceut.
1342 4450 1389 4486 ser.
1401 4446 1415 4498 5
1426 4453 1433 4493 ς
1450 4436 1521 4500 Virg.
1537 4449 1558 4484 1.
1571 4433 1647 4485 Geor.

389 4515 400 4545 ⁸
416 4517 484 4582 App.
497 4530 519 4567 a.
531 4515 603 4576 Ciu.;
619 4514 674 4566 Flo.
688 4529 711 4565 a.
721 4526 752 4577 53
770 4513 886 4576 Polyaen.
898 4513 922 4564 6.
933 4522 962 4577 73
978 4514 1026 4565 Str.
1038 4528 1083 4572 ης
1100 4515 1177 4566 Buch.
1188 4527 1217 4578 73
1233 4515 1295 4568 Ath.
1310 4531 1355 4577 103
1372 4516 1439 4576 Sui.;
1453 4517 1511 4568 Nic.
1520 4517 1571 4568 Mn.
1581 4516 1610 4575 6;
1625 4514 1787 4574 Na.Co.16;

750 4595 828 4660 lang.
842 4608 863 4646 1.
876 4595 923 4660 Ep.
935 4596 975 4646 68.
1194 4597 1204 4626 l
1220 4597 1276 4649 Seu.
1288 4598 1319 4648 de
1330 4599 1372 4651 Ui.
1385 4599 1428 4650 Be.
