4498 5566
466 700 509 787 36
953 705 1155 760 ALBERICI
1184 703 1384 759 GENTILIS

467 958 474 987 ‘
490 961 647 1036 potestas,
668 951 786 1016 auibus
804 960 838 1015 et
855 951 967 1015 bestiis
990 951 1226 1028 consecrandis,
1245 959 1278 1013 et
1297 949 1405 1031 capite
1425 944 1623 1011 damnandis
1645 944 1700 1028 qui
1721 943 1865 1025 aliquem

468 1070 476 1098 ‘
491 1062 680 1128 huiusmodi
698 1063 809 1128 Deum
824 1058 998 1140 occiderit,’
1013 1062 1060 1125 ait
1076 1060 1298 1124 Tertullianus
1308 1058 1329 1121 ¹.
1367 1059 1413 1122 Et
1427 1058 1493 1123 alio
1508 1057 1589 1135 locu,
1604 1055 1694 1139 quod
1711 1054 1868 1120 naturalis

467 1177 642 1260 potestatis
670 1186 720 1240 est
749 1175 870 1258 religio.
917 1173 1017 1258 Quod
1045 1183 1077 1237 et
1105 1173 1307 1255 Pomponius
1317 1171 1339 1236 ².
1385 1172 1432 1235 Et
1457 1170 1548 1253 quod
1575 1190 1614 1232 ea
1642 1168 1777 1233 alterius
1802 1187 1866 1231 non

467 1296 594 1364 noceat,
617 1296 674 1352 aut
697 1287 800 1370 prosit
819 1285 922 1350 alteri.
970 1285 1087 1349 ‘Fides
1110 1286 1288 1364 suadenda,
1304 1305 1370 1348 non
1390 1279 1624 1367 imponenda:’
1649 1279 1866 1345 Bernardus‘.

468 1399 514 1463 Et
547 1399 700 1476 Hilarius,
733 1416 820 1462 nouo
849 1397 1005 1481 exemplo
1034 1396 1186 1462 homines
1212 1399 1253 1460 ad
1282 1396 1381 1460 fidem
1409 1397 1482 1478 cogi
1492 1392 1514 1457 ⁴.
1560 1393 1718 1477 Largiens
1744 1392 1868 1455 interea

469 1511 666 1575 Constantio
690 1509 830 1589 Caesari,
849 1531 961 1573 ueram
980 1509 1079 1573 fuisse
1098 1509 1275 1573 Arrianam
1294 1509 1337 1573 ad
1361 1528 1461 1590 quam
1482 1505 1695 1571 Constantius
1718 1503 1867 1586 cogebat,

467 1620 696 1705 ‘Religionem
712 1622 872 1705 imperare
888 1642 954 1686 non
971 1643 1163 1704 possumus:
1188 1621 1264 1704 quia
1280 1641 1378 1685 nemo
1394 1620 1522 1702 cogitur
1540 1627 1577 1682 ut
1592 1617 1704 1682 credat
1721 1617 1842 1680 inuitus
1849 1613 1866 1679 :’

467 1733 636 1816 respondit
669 1733 932 1817 sapientissimus
961 1754 1021 1796 rex
1052 1732 1309 1797 Theodericus⁵.
1371 1731 1416 1794 Et
1449 1731 1538 1795 idem
1571 1729 1764 1793 Theodatus
1797 1748 1866 1802 rex,

466 1845 652 1910 uoluntarie
670 1844 921 1910 sacrificandum
941 1845 1085 1924 domino,
1101 1865 1166 1908 non
1186 1845 1378 1926 cuiusquam
1398 1843 1545 1926 cogentis
1563 1841 1709 1924 imperio.
1755 1838 1812 1904 Sic
1834 1847 1867 1903 et

467 1953 669 2035 Lactantius
685 1958 758 2039 cogi
775 1957 966 2039 religionem
987 1977 1052 2020 non
1067 1977 1184 2039 posse:
1207 1965 1240 2020 et
1260 1956 1376 2033 uerbis,
1391 1976 1457 2018 non
1477 1953 1667 2018 uerberibus
1689 1952 1866 2017 constitui:

468 2068 732 2152 necquidquam
757 2088 827 2132 esse
852 2076 921 2131 tam
948 2066 1169 2131 uoluntarium
1197 2088 1297 2150 quam
1325 2067 1516 2150 religionem
1526 2066 1547 2131 ⁶.
1594 2065 1640 2129 Et
1664 2062 1868 2129 Christianos

468 2199 533 2244 non
565 2200 636 2244 esse
666 2177 846 2262 Aegyptiis
875 2179 1010 2261 peiores.
1056 2178 1101 2242 Et
1126 2178 1295 2261 Iosephus,
1321 2199 1380 2242 suo
1410 2199 1574 2262 quemque
1603 2177 1770 2254 arbitratu,
1802 2196 1867 2239 non

467 2290 575 2356 alieno
590 2289 742 2375 impulsu,
759 2290 868 2355 Deum
884 2290 991 2355 colere
1006 2299 1158 2373 oportere
1167 2290 1189 2356 ⁷.
1234 2290 1297 2355 ‘Et
1313 2290 1391 2355 suis’
1406 2286 1590 2376 (Amobius
1605 2285 1724 2374 inquit)
1741 2286 1869 2370 ‘religio

469 2406 649 2468 ‘contenta
667 2411 718 2467 est
736 2399 877 2468 uiribus'
917 2403 1033 2486 Atque
1051 2403 1209 2467 aduersus
1226 2403 1303 2481 uim,
1322 2411 1356 2468 et
1374 2423 1473 2482 arma,
1489 2400 1672 2486 ‘Quoniam
1692 2399 1867 2484 plurimum

466 2517 475 2550 ‘
490 2512 618 2597 gladiis,
634 2523 668 2580 et
684 2522 849 2597 potestate
864 2514 938 2579 ferri
957 2513 1083 2593 ualetis,
1099 2514 1223 2578 anteire
1238 2537 1298 2580 uos
1317 2516 1417 2580 etiam
1433 2515 1580 2579 ueritatis
1598 2512 1732 2578 scientia
1748 2510 1868 2576 iudica·

468 2621 583 2688 ‘tis⁸?’
630 2627 774 2709 Magnus
797 2625 1007 2708 Hospitalius
1029 2626 1121 2710 graui
1141 2626 1187 2692 sic
1206 2636 1325 2711 satyra,
1344 2626 1469 2691 ‘Dictis
1488 2646 1684 2709 pugnamus,
1704 2635 1738 2689 et
1760 2622 1868 2700 armis,

469 2737 585 2819 ‘queis
604 2737 646 2801 de
662 2737 817 2821 religione
833 2737 945 2802 animo
963 2739 1128 2802 sententia
1146 2739 1231 2802 sedit
1249 2739 1361 2803 uerior.
1407 2738 1530 2803 interea
1549 2737 1678 2802 tabulas
1697 2746 1729 2801 et
1747 2734 1869 2800 tradita

470 2847 606 2930 ‘Moysi
636 2846 840 2932 spernimus,’
866 2851 940 2914 etc.⁹
984 2848 1093 2914 Audis
1117 2860 1283 2914 auctores:
1316 2849 1412 2915 audis
1436 2852 1587 2915 rationes.
1633 2848 1732 2932 Quod
1754 2856 1870 2912 contra

468 2968 620 3023 naturam
640 2971 689 3025 est
705 2961 759 3040 rei,
776 2961 808 3024 id
825 2982 891 3025 non
908 2961 976 3024 fieri
993 2982 1052 3045 pro
1068 2982 1102 3025 re
1118 2962 1355 3040 constituenda,
1370 2962 1429 3026 sed
1448 2983 1519 3026 esse
1539 2961 1644 3043 magis
1663 2981 1722 3042 pro
1741 2962 1869 3025 destru-

468 3070 563 3135 enda.
609 3070 709 3155 Quod
726 3073 809 3136 effici
826 3071 940 3155 nequit
957 3093 1016 3155 per
1032 3072 1107 3151 uim,
1123 3073 1156 3136 id
1173 3094 1232 3156 per
1246 3073 1313 3136 uim
1329 3072 1473 3156 aggredi,
1489 3073 1657 3136 furiosum.
1703 3072 1802 3155 Quod
1820 3081 1870 3136 est

468 3180 641 3263 facultatis,
668 3183 702 3248 id
726 3205 791 3248 non
814 3183 900 3248 trahi
922 3184 964 3250 ad
988 3185 1228 3250 necessitatem.
1274 3184 1373 3268 Quod
1399 3207 1459 3249 suo
1481 3193 1547 3248 stat
1565 3183 1719 3267 pondere,
1743 3184 1776 3249 id
1800 3206 1870 3248 sus-

469 3300 598 3358 tentare
616 3294 788 3360 adscititiis
809 3295 1008 3375 iuramentis,
1025 3295 1182 3380 ineptum.
1228 3295 1327 3379 Quod
1346 3295 1492 3378 regulam
1509 3294 1611 3360 habet
1629 3317 1731 3374 suam,
1751 3296 1784 3360 id
1804 3316 1870 3359 non

396 3453 398 3460 .
469 3407 679 3471 tractandum
711 3407 827 3471 aliena.
872 3407 1008 3471 Nouum
1038 3408 1205 3490 iniquum:
1248 3408 1336 3491 quod
1367 3408 1454 3472 enim
1485 3417 1632 3472 uetustas
1661 3407 1868 3489 adprobauit,

470 3527 596 3582 certum
620 3526 670 3582 est
688 3519 755 3582 lere
773 3538 840 3582 non
863 3519 971 3582 minus
993 3540 1093 3602 quam
1113 3519 1171 3584 lex
1189 3519 1307 3602 aliqua,
1327 3528 1363 3583 ut
1386 3519 1496 3583 scribit
1519 3518 1669 3602 egregius
1688 3518 1870 3596 DuarenuS,

470 3628 504 3692 in
535 3629 823 3712 Disputationibus
852 3631 1090 3696 anniuersariis.
1137 3632 1182 3696 Et
1208 3631 1271 3696 hae
1301 3640 1378 3696 sunt
1405 3631 1513 3695 dictae
1540 3631 1691 3694 rationes.
1738 3629 1870 3713 Religio

469 3749 581 3804 autem
604 3741 648 3805 ab
671 3742 782 3806 animo
805 3751 865 3820 est,
884 3751 917 3807 et
939 3743 1133 3822 uoluntate;
1156 3764 1240 3827 quae
1262 3763 1394 3827 semper
1414 3742 1518 3806 habet
1539 3742 1727 3807 libertatem
1749 3761 1870 3821 secum,

468 3859 507 3915 ut
524 3861 575 3916 est
593 3851 759 3935 praeclare
778 3862 811 3918 et
829 3875 849 3918 a
869 3853 1076 3938 Philosophis
1095 3864 1129 3919 et
1146 3855 1188 3918 ab
1207 3854 1287 3934 aliis,
1307 3864 1339 3920 et
1362 3877 1382 3918 a
1407 3854 1575 3919 Bernardo
1597 3852 1812 3936 explanatum
1836 3854 1870 3917 in

469 3961 553 4027 libro
584 3961 637 4027 De
668 3964 769 4029 libero
799 3966 944 4030 arbitrio,
989 3967 1199 4050 Animusque
1232 3977 1352 4046 noster,
1383 3977 1416 4031 et
1448 3966 1601 4049 quicquid
1635 3975 1686 4031 est
1718 3966 1819 4031 animi
1852 3988 1871 4030 a

469 4073 638 4157 principio,
671 4084 729 4140 aut
759 4077 906 4162 principe
936 4100 1001 4143 non
1032 4089 1184 4142 mouetur
1213 4087 1360 4144 externo
1422 4079 1468 4142 Et
1498 4099 1605 4161 neque
1637 4078 1791 4143 dominus
1821 4087 1872 4144 est

535 4341 544 4372 ¹
561 4342 630 4392 Tert.
643 4343 718 4407 Apol.
733 4359 771 4407 ²4·
782 4351 807 4396 et
818 4344 851 4394 sd
862 4345 952 4408 Scapu.
1042 4343 1052 4373 ²
1067 4344 1084 4394 l.
1100 4359 1121 4396 π.
1132 4345 1163 4394 de
1174 4345 1230 4395 lust.
1243 4346 1288 4407 (D.
1303 4360 1323 4396 1.
1338 4347 1372 4397 1l.
1466 4345 1476 4374 ⁸
1493 4345 1565 4396 Bem.
1577 4353 1642 4396 eant.
1655 4361 1700 4396 ser.
1712 4343 1752 4394 66.
1767 4359 1804 4394 12.

503 4423 512 4452 ¹
529 4423 599 4475 Erus.
610 4426 687 4491 prael.
702 4425 755 4475 Hil.
896 4427 906 4455 ⁸
923 4425 1035 4476 Cassiod.
1051 4441 1071 4477 π.
1084 4428 1143 4477 Var.
1158 4439 1195 4490 27,
1208 4434 1232 4477 et
1243 4428 1286 4478 lib.
1302 4443 1389 4492 10,ep.
1404 4427 1441 4477 26.
1582 4430 1591 4454 ‘
1608 4427 1677 4477 Lact.
1691 4440 1713 4489 5.
1725 4427 1786 4477 lust
1800 4442 1837 4492 19.

600 4505 610 4535 ¹
628 4506 677 4558 Ios.
690 4507 721 4558 de
732 4509 772 4556 Vi.
784 4508 825 4558 Su.
973 4508 983 4537 ⁸
1001 4508 1079 4559 Amo.
1092 4511 1158 4560 Adu.
1170 4510 1217 4560 Ge.
1231 4525 1252 4573 3.
1265 4526 1288 4575 4.
1432 4513 1442 4541 ⁹
1460 4513 1541 4578 Hosp.
1553 4512 1597 4562 lib.
1609 4524 1624 4573 4
1636 4525 1675 4576 ep.
1688 4509 1740 4560 Sat.
