4498 5566
706 773 710 781 .
773 739 834 792 os
862 740 967 795 runs
994 741 1127 809 ascri,
1157 741 1285 810 arar,
1317 741 1405 796 cnr.
1428 741 1481 800 rr.
1781 751 1820 800 21

426 974 589 1040 Subditus
611 975 802 1041 rebellando
819 999 884 1041 non
900 978 1064 1043 subtrahit
1084 999 1120 1042 se
1140 1001 1160 1042 a
1183 978 1385 1044 subiectione
1400 979 1496 1046 iuris:
1517 980 1563 1044 ait
1580 979 1733 1046 Baldus1.
1779 980 1826 1046 Et

428 1085 652 1167 delinquendo
671 1105 769 1150 nemo
788 1087 825 1152 fit
841 1089 1030 1170 pretiosior:
1058 1089 1104 1153 ait
1124 1085 1244 1153 Paulus
1254 1089 1277 1151 ².
1321 1090 1369 1154 Et
1384 1090 1448 1154 alia
1465 1091 1590 1156 ratione
1605 1111 1666 1155 nec
1682 1091 1732 1155 ius
1747 1091 1826 1155 belli

426 1195 570 1260 habent:
594 1197 672 1278 quia
694 1197 743 1260 ius
763 1198 841 1261 belli
860 1221 880 1262 a
899 1200 1049 1280 gentium
1072 1201 1140 1263 iure
1159 1211 1227 1264 est:
1251 1210 1285 1264 et
1307 1201 1390 1264 tales
1414 1220 1478 1264 non
1497 1200 1648 1265 fruuntur
1669 1201 1726 1267 illo
1748 1202 1826 1281 iure,

426 1307 478 1380 cui
504 1307 617 1371 hostes
642 1318 729 1372 sunt.
783 1309 857 1387 His,
876 1310 933 1392 qui
954 1331 975 1374 a
1001 1311 1233 1375 communione
1260 1333 1295 1375 se
1320 1312 1561 1387 subduxerunt,
1584 1322 1686 1394 atque
1710 1313 1826 1380 foedus

427 1418 563 1485 humani
592 1419 721 1502 generis
747 1416 799 1505 (ut
828 1421 974 1504 loquitur
1003 1421 1122 1486 Florus
1131 1419 1158 1508 ³)
1185 1424 1393 1507 abruperunt,
1422 1424 1471 1488 ius
1501 1424 1559 1506 qui
1588 1433 1710 1502 manet,
1734 1426 1825 1508 quod

427 1529 507 1597 nihil
517 1528 540 1608 ⁴,
562 1531 624 1593 nisi
647 1532 846 1610 communi0,
870 1542 904 1596 et
921 1531 1044 1614 ,foedus
1067 1542 1128 1598 est.
1174 1533 1304 1598 Piratae
1326 1533 1473 1597 omnium
1502 1533 1689 1597 mortalium
1713 1534 1826 1601 hostes

426 1651 503 1705 sunt
522 1660 714 1707 communes
724 1641 746 1707 ⁶.
801 1642 846 1706 Et
862 1643 974 1724 itaque
989 1652 1091 1726 negat
1107 1644 1231 1722 Cicero,
1248 1665 1347 1727 posse
1361 1664 1436 1708 cum
1453 1643 1523 1708 istis
1538 1645 1740 1718 intercedere
1755 1645 1826 1710 iura

427 1753 514 1820 belli.
571 1751 626 1816 ‘Si
654 1754 874 1835 praedonibus
900 1766 1036 1838 pactum
1067 1776 1127 1838 pro
1154 1757 1263 1839 capite
1287 1757 1431 1839 pretium
1463 1776 1529 1820 non
1554 1755 1711 1834 attuleris,
1735 1756 1824 1820 nulla

426 1864 538 1929 ‘fraus
557 1874 625 1928 est:
650 1866 740 1929 nesi
763 1866 886 1930 iuratus
904 1867 1040 1949 quidem
1064 1869 1097 1932 id
1120 1888 1187 1932 non
1210 1864 1359 1934 seceris?
1383 1869 1499 1952 inquit.
1543 1868 1589 1932 Et
1608 1868 1740 1946 Baldus‚
1759 1889 1824 1932 non

426 1976 477 2040 his
491 1976 615 2040 bellum
631 1977 739 2055 indici,
756 1998 821 2044 non
838 1979 941 2041 teneri
957 1999 1018 2042 nos
1033 1980 1138 2043 redire
1153 1980 1197 2043 ad
1214 2001 1278 2058 eos»,
1295 1981 1351 2062 qui
1368 1981 1418 2044 ius
1434 1981 1569 2046 tenendi
1584 2000 1651 2044 non
1668 1978 1794 2044 habent
1803 1979 1826 2044 ⁶.

426 2089 473 2156 Et
495 2089 529 2152 id
552 2109 658 2171 genus
680 2087 754 2152 alia.
798 2088 914 2171 Atque
936 2090 1022 2153 adeo
1045 2088 1168 2169 Liuius,
1190 2091 1390 2156 ‘latronibus
1414 2092 1532 2169 uerius,
1551 2111 1651 2173 quam
1673 2089 1825 2154 hostibus

427 2200 563 2264 ‘iustis’
608 2200 654 2265 Et
680 2199 778 2279 alibi;
809 2200 898 2280 quod
925 2210 1072 2265 sumtum
1098 2202 1295 2283 supplicium
1323 2204 1366 2267 de
1391 2201 1610 2284 praedonibus
1637 2201 1742 2278 fuerit,
1766 2222 1826 2267 nec

427 2312 543 2375 datum
563 2312 609 2375 eis
627 2311 705 2376 belli
722 2311 773 2374 ius
788 2310 886 2374 fuerit
895 2310 917 2377 ⁷.
962 2310 1058 2393 Quae
1079 2322 1112 2376 et
1131 2313 1174 2376 de
1193 2312 1340 2395 fugitiuis
1361 2314 1473 2378 scribit
1495 2314 1621 2378 Florus.
1667 2313 1826 2380 Inuitauit

427 2420 607 2504 Spartacus
629 2421 784 2486 Crassum
800 2421 843 2483 ad
859 2421 1010 2486 foedera:
1032 2422 1090 2487 sed
1110 2442 1184 2488 cum
1204 2423 1400 2506 indignitate
1419 2423 1557 2488 reiectus
1567 2421 1588 2489 ⁸.
1633 2422 1826 2492 Tacfarinas

425 2534 510 2598 latro
528 2533 612 2597 Afer
629 2533 702 2610 huc,
717 2541 753 2598 ut
769 2531 906 2597 Tacitus
924 2533 1060 2612 scribut,
1076 2535 1283 2617 arrogantiae
1305 2544 1448 2613 uenerat,
1465 2543 1501 2597 ut
1522 2533 1651 2616 legatos
1666 2535 1709 2598 ad
1725 2533 1826 2598 Tibe·

426 2645 511 2710 rium
535 2645 690 2710 mitteret·
744 2642 813 2708 Sed
838 2645 1018 2708 excanduit
1045 2645 1115 2724 iste,
1138 2653 1171 2708 et
1198 2645 1433 2710 contumeliam
1457 2644 1581 2714 factam
1608 2643 1671 2708 sibi
1696 2666 1717 2709 a
1740 2644 1826 2709 Tac·

305 2781 311 2792 ·
425 2756 565 2824 farinate
587 2753 784 2838 singularem
807 2755 971 2834 adfirmat,
992 2757 1081 2838 quod
1105 2757 1229 2839 praedo
1256 2777 1367 2821 secum
1387 2756 1480 2839 quasi
1504 2756 1681 2841 perduellis
1704 2767 1825 2841 ageret,

424 2868 572 2933 hostisue
593 2867 753 2951 publicus.
799 2867 980 2949 Nunquam
996 2869 1101 2951 pactis
1115 2868 1237 2932 bellum
1255 2887 1329 2932 cum
1352 2867 1573 2950 praedonibus
1595 2869 1825 2950 compositum,

426 3000 534 3063 neque
560 2980 746 3046 foederibus
773 2980 923 3045 finitum:
957 2981 1016 3044 sed
1046 2989 1105 3048 aut
1134 2980 1326 3062 superstites
1352 2978 1442 3044 fuere
1466 2981 1627 3059 uictores3
1662 2990 1720 3044 aut
1747 2981 1825 3044 uicti

427 3111 560 3156 necesse
587 3090 668 3154 mori
692 3091 876 3156 habuemnt
886 3089 921 3154 ¹⁰.
975 3091 1067 3173 Ergo
1090 3091 1198 3169 miror,
1222 3092 1451 3155 Hotomanum
1475 3090 1650 3154 adfirmare
1668 3091 1823 3168 uoluisse,

426 3202 475 3265 ius
498 3201 649 3284 'gentium
676 3201 743 3264 imo
768 3211 802 3266 et
825 3221 900 3267 cum
921 3200 1076 3283 fugitiuis,
1099 3210 1133 3266 et
1156 3222 1231 3266 cum
1252 3202 1472 3285 praedonibus
1495 3221 1567 3265 esse
1576 3199 1608 3266 ¹¹.
1653 3201 1700 3266 Et
1718 3202 1825 3284 prima

426 3312 494 3374 eius
517 3322 568 3376 est
590 3312 683 3390 rati0,
699 3311 777 3393 quia
799 3311 856 3376 lex
879 3311 968 3375 nulla
987 3313 1038 3390 sit,
1054 3332 1140 3395 quae
1161 3311 1377 3396 pactionibus,
1398 3321 1432 3376 et
1455 3311 1727 3376 conuentionibus
1747 3333 1824 3378 cum

426 3423 489 3488 illis
512 3422 743 3487 contrahendis
764 3423 946 3499 interdicat,
971 3424 1083 3505 itaque
1104 3444 1190 3506 quae
1210 3422 1405 3486 nominatim
1427 3423 1531 3485 uetita
1555 3442 1620 3486 non
1643 3435 1727 3502 sunt,
1750 3444 1824 3505 per-

427 3534 525 3597 missa
555 3533 795 3615 intelligantur:
850 3533 895 3597 Et
922 3555 1007 3616 quae
1037 3535 1119 3598 ratio
1150 3533 1230 3597 nihil
1260 3533 1349 3599 ualet
1417 3533 1515 3610 Nam,
1543 3533 1633 3614 quod
1663 3534 1716 3598 isti
1746 3544 1824 3600 sunt

426 3644 573 3708 omnium
604 3644 724 3723 hostes,
747 3652 781 3709 et
811 3664 961 3725 prorsum
985 3640 1036 3729 (nt
1064 3643 1200 3707 Plautus
1218 3639 1413 3729 loquitur12)
1440 3652 1578 3726 parcunt
1602 3644 1732 3722 nemini,
1755 3645 1823 3709 iure

425 3756 574 3826 omnium
598 3754 659 3819 frui
683 3751 734 3840 (ut
760 3752 846 3841 dixi)
873 3763 1051 3836 nequeunt.
1107 3756 1185 3818 Non
1212 3765 1261 3818 est
1284 3755 1443 3837 quaestio,
1464 3754 1545 3836 quid
1568 3774 1643 3818 cum
1667 3755 1730 3820 illis
1753 3754 1833 3822 fieri⁴

425 3867 537 3949 possit,
561 3867 661 3930 etiam
685 3875 719 3928 et
742 3866 821 3947 quid
845 3865 980 3928 fecerint
1002 3865 1121 3947 plures,
1144 3865 1202 3928 sed
1226 3865 1304 3946 quid
1329 3883 1461 3927 necesse
1483 3863 1526 3926 sit
1548 3863 1625 3928 fieri.
1673 3864 1749 3927 Hoc
1771 3873 1822 3928 est

423 3978 482 4056 ius,
498 3987 531 4042 et
553 3978 595 4042 de
618 3977 687 4040 iure
707 3976 883 4059 disputare,
900 3976 933 4038 id
957 3984 1015 4053 est,
1031 3975 1073 4038 de
1089 3974 1227 4048 uincu10,
1245 3995 1311 4057 quo
1333 3974 1586 4055 obstringimur:
1612 3984 1645 4039 et
1667 3975 1731 4039 hoc
1750 3977 1822 4039 uin-

425 4088 498 4161 culo
522 4106 588 4153 non
610 4087 844 4170 obstringimur
866 4087 946 4152 istis,
990 4085 1107 4163 Addit,
1128 4105 1172 4148 ex
1196 4084 1358 4147 sententia
1379 4083 1573 4166 Triphonini
1597 4084 1822 4150 Iurisconsulti

425 4201 632 4284 perspicuum
649 4221 727 4278 esse,
743 4201 842 4264 etiam
859 4200 1003 4264 latrones
1018 4197 1095 4262 iuris
1110 4197 1259 4279 gentium
1275 4196 1539 4261 communionem
1555 4196 1685 4261 habere.
1732 4197 1821 4262 Nam

554 4370 564 4401 ¹
581 4370 635 4421 Bal.
649 4383 670 4432 3.
684 4385 750 4420 cons.
764 4367 805 4434 96.
923 4366 934 4397 ¹
950 4361 970 4420 l.
981 4366 1022 4430 63.
1032 4367 1064 4418 ad
1075 4367 1092 4418 l.
1106 4367 1127 4416 F
1128 4366 1173 4416 alc
1186 4366 1231 4430 (D.
1244 4379 1284 4430 35.
1298 4367 1331 4429 α).
1447 4366 1457 4395 '
1473 4364 1529 4416 Flo.
1541 4366 1585 4417 lib.
1599 4380 1621 4428 3.
1633 4383 1655 4416 c.
1667 4367 1691 4416 6.

489 4451 499 4482 ⁴
516 4453 579 4503 Hot.
591 4453 654 4502 Inst.
665 4452 696 4501 de
708 4452 745 4503 Iu.
757 4453 818 4502 Nat.
971 4451 981 4480 ⁵
998 4451 1045 4501 Pli.
1056 4451 1101 4501 lib.
1115 4464 1136 4501 a.
1149 4467 1169 4500 c.
1181 4450 1227 4513 46;
1245 4449 1299 4500 Cic.
1313 4463 1326 4513 5
1340 4449 1410 4499 Verr.
1422 4465 1444 4498 c.
1458 4463 1496 4511 30,
1508 4456 1532 4498 et
1545 4463 1567 4513 3.
1579 4449 1610 4499 de
1622 4448 1671 4499 Off.
1684 4465 1705 4499 c.
1719 4463 1755 4514 ²9·

588 4535 598 4567 ⁸
615 4535 697 4585 Ball.
710 4551 732 4597 4.
743 4535 773 4584 C.
783 4535 814 4584 de
825 4536 866 4586 ob.
878 4551 918 4599 pa.
931 4551 968 4600 pr.
981 4532 1015 4598 (6.
1027 4532 1063 4597 6.)
1075 4539 1100 4584 et
1114 4548 1125 4582 2
1139 4549 1206 4582 cons.
1219 4542 1271 4594 ²⁴7·
1381 4531 1391 4560 l
1409 4531 1464 4582 Liu.
1476 4531 1519 4582 lib.
1533 4546 1572 4594 34.
1584 4547 1605 4581 c.
1619 4544 1656 4582 21.

473 4617 566 4684 'App
580 4617 665 4669 Mithr.
678 4634 703 4731 ql
714 4632 759 4750 qqp
766 4625 803 4749 tet
806 4633 830 4750 l1l
843 4618 890 4669 cin.
901 4633 924 4668 c.
938 4632 992 4696 ¹²⁰5
1078 4616 1089 4652 ¹
1105 4616 1255 4750 ch.c3hAn·
1268 4627 1341 4747 ‘phis-
1431 4615 1450 4646 ¹⁶
1468 4615 1553 4665 Helio.
1565 4614 1682 4680 Aethiop.
1695 4615 1737 4665 lib.
1752 4631 1773 4664 r.

749 4715 765 4750 ο
778 4738 783 4750 .
796 4716 803 4749 1
826 4737 831 4750 .
844 4717 867 4765 q.
882 4711 904 4764 7.
1205 4713 1261 4748 ans.
1284 4713 1291 4746 ι
1311 4735 1316 4748 .
1332 4712 1352 4749 2.
1364 4713 1384 4748 s.
1394 4713 1418 4749 r.
1430 4714 1552 4763 prorsum.

1244 4807 1427 4820 ——---—„--
1450 4806 1819 4818 ....-..-—-———-
