4498 5566
755 653 985 717 INDEX
1018 654 1351 745 ¹carison.

366 970 437 1030 Car.
496 971 564 1030 VII.
608 971 704 1031 Urbes
719 971 811 1048 diripi,
827 971 900 1030 dirui
922 1015 1659 1031 .........

390 1115 407 1140 ,,
481 1070 567 1128 VIII.
609 1070 656 1129 De
672 1071 795 1130 ducibus
809 1070 938 1130 hostium
952 1072 1045 1148 captis
1108 1113 1658 1129 .......

391 1213 408 1238 ,,
515 1170 567 1229 ΙΧ.
609 1170 656 1228 De
671 1171 762 1229 seruis

400 1313 406 1338 ,
531 1268 568 1328 X.
611 1267 657 1327 De
672 1278 748 1328 statu
762 1269 903 1328 mutando
926 1310 1661 1326 .........

391 1413 405 1436 ,,
513 1366 566 1424 ΧΙ.
609 1367 655 1426 De
670 1367 818 1443 religionis
833 1367 1012 1444 aliarumque
1026 1383 1124 1425 rerum
1137 1367 1299 1425 mutatione
1383 1409 1390 1425 .
1474 1411 1481 1424 .
1564 1411 1571 1426 .
1654 1410 1661 1425 .

389 1509 405 1536 „
503 1463 572 1523 XII.
615 1465 646 1524 Si
660 1466 728 1524 utile
742 1483 811 1524 curn
824 1465 949 1524 honesto
964 1477 1075 1542 pugnet
1104 1507 1659 1525 .......

390 1609 405 1632 ,,
488 1562 573 1623 XIII.
615 1563 661 1622 De
680 1583 754 1640 pace
769 1565 865 1622 firtura
879 1563 1084 1622 constituenda
1107 1605 1661 1622 .......

389 1705 407 1732 ,‚
490 1661 573 1720 XIV.
614 1661 661 1720 De
675 1663 737 1720 iure
751 1663 949 1722 conueniendi

390 1805 406 1829 ‚‚
504 1759 570 1820 XV.
612 1759 659 1819 De
673 1763 780 1838 quibus
791 1771 909 1820 cauetur
919 1761 950 1818 in
962 1760 1138 1832 foederibus,
1149 1770 1178 1820 et
1189 1757 1226 1820 de
1237 1758 1334 1819 duello
1377 1806 1383 1817 .
1469 1805 1475 1818 .
1558 1804 1565 1819 .
1650 1803 1657 1818 .

390 1903 407 1928 ‚‚
484 1857 568 1917 XVI.
610 1859 656 1918 De
671 1859 785 1936 legibus
798 1871 827 1918 et
841 1861 970 1919 libertate
1013 1902 1660 1918 ........

391 2001 408 2026 ,,
472 1957 574 2017 xvii.
616 1958 663 2018 De
678 1960 755 2035 agris
769 1969 798 2018 et
813 1959 992 2036 postliminio
1014 2001 1659 2018 ........

392 2098 407 2124 ,,
457 2055 572 2114 XVIII.
615 2056 661 2115 De
675 2057 802 2115 amicitia
816 2066 844 2116 et
858 2057 997 2115 societate
1013 2098 1659 2114 ........
1703 2069 1764 2131 370

391 2197 407 2220 .‚
490 2153 575 2212 XIX.
619 2155 649 2213 Si
664 2155 768 2214 foedus
780 2165 857 2214 recte
869 2155 1049 2214 contrahitur
1060 2171 1128 2213 cum
1139 2153 1271 2214 diuersae
1282 2153 1428 2230 religionis
1443 2152 1611 2212 bominibus
1655 2197 1661 2211 .

392 2295 407 2318 ..
505 2252 572 2310 XX.
614 2253 661 2312 De
675 2256 764 2313 armis
779 2263 807 2313 et
822 2255 964 2313 classibus
1016 2296 1659 2312 ........

391 2395 406 2418 .,
486 2349 569 2411 XXI.
612 2352 658 2411 De
672 2356 786 2413 arcibus
800 2363 829 2412 et
843 2351 991 2430 praesidiis
1013 2395 1658 2413 ........

390 2493 405 2513 ..
469 2448 567 2508 XXII.
610 2451 640 2510 Si
655 2470 839 2512 successores
853 2451 1068 2511 foederatorum
1083 2459 1217 2510 tenentur

393 2593 409 2617 „
452 2547 566 2610 XXIII.
609 2550 656 2610 De
670 2551 882 2622 ratihabitIone,
897 2550 1026 2626 priuatis,
1040 2549 1149 2627 piratis,
1164 2546 1320 2622 exsulibus,
1336 2548 1560 2609 adhaerentibus
1649 2593 1657 2608 .

393 2691 409 2720 ,,
452 2647 563 2711 XXIV.
608 2650 736 2726 Quando
751 2651 855 2710 foedus
868 2649 992 2710 notetur
1013 2689 1655 2709 ........
1705 2667 1765 2726 410
