4498 5566
858 737 1266 802 PRAEFATIO.
1700 738 1762 800 xix

731 889 752 893 ..
765 887 1173 894 ’.ω-*κ-

364 983 509 1057 ESSEXI,
545 981 710 1065 reputanti
733 981 900 1063 gratiores
928 990 1083 1044 connatus
1110 980 1148 1044 lci
1179 979 1244 1044 mei
1274 978 1452 1059 aduenimt,
1481 987 1513 1042 et
1544 1000 1566 1041 a
1600 977 1765 1060 reprelien-

362 1087 506 1150 sionibus
528 1086 677 1168 fortasse
708 1085 822 1150 multis
845 1085 1109 1167 praestabuntur.
1174 1085 1221 1149 (u
1251 1084 1333 1166 quid
1361 1084 1448 1147 enim
1481 1082 1639 1146 iudicium
1673 1091 1764 1146 tuum

363 1211 426 1253 nan
455 1211 579 1268 uerear,
601 1191 661 1272 qui
687 1211 709 1284 a
731 1190 846 1272 prima
869 1190 1016 1272 pueritia
1046 1211 1109 1252 non
1138 1209 1234 1254 arma
1263 1189 1367 1251 solum
1398 1187 1553 1264 tractasti,
1585 1187 1620 1249 in
1650 1186 1766 1268 quibus

361 1304 395 1356 et
418 1305 516 1358 uatus
538 1315 571 1357 es
581 1318 596 1370 ,·
626 1293 685 1358 scd
702 1305 735 1358 et
755 1295 874 1358 litteris
901 1294 1000 1358 etiam
1028 1295 1076 1358 ita
1098 1293 1273 1356 incubuisti
1292 1302 1421 1373 semper,
1443 1301 1483 1354 ut
1499 1290 1652 1372 quamuis
1673 1291 1765 1354 illus-

364 1399 449 1462 trior
478 1407 507 1461 te
539 1399 590 1462 rei
619 1398 777 1463 militaris
803 1398 917 1481 gloria
945 1398 1104 1479 complexa
1133 1398 1185 1474 sit,
1216 1417 1278 1460 nau
1308 1394 1449 1458 dubitem
1481 1403 1596 1469 tamen,
1626 1395 1706 1476 qniu
1734 1404 1768 1457 et

363 1503 400 1565 in
423 1502 528 1566 altera
543 1513 642 1585 parte
664 1503 711 1567 sic
737 1503 854 1582 ualens,
882 1512 921 1565 nt
944 1523 1043 1585 qnam
1068 1511 1229 1566 assecutus
1252 1520 1416 1568 summam
1443 1498 1478 1562 iu
1501 1519 1539 1561 ea
1561 1517 1596 1560 es
1620 1497 1766 1579 diguita-

364 1615 435 1684 tem,
464 1606 550 1670 tueri
572 1609 672 1671 etiam
698 1607 898 1690 dignissime,
922 1617 955 1672 et
981 1607 1139 1670 sustinere
1157 1604 1273 1686 possis.
1328 1602 1473 1669 Ceterum
1500 1602 1535 1665 in
1563 1600 1766 1665 humanitate

362 1718 419 1774 tua
444 1710 530 1774 milti
543 1710 750 1793 praesidium
776 1712 885 1777 tutius.
933 1708 1211 1789 Quemadmodum
1238 1709 1344 1790 igitm
1364 1707 1512 1789 primam
1542 1705 1581 1768 de
1611 1727 1689 1780 mea,
1716 1707 1765 1769 ita

360 1813 532 1878 secundam
568 1815 651 1878 banc
683 1816 977 1879 commentationem
1006 1814 1193 1878 humaniter
1221 1823 1293 1894 cape
1321 1809 1361 1874 de
1397 1809 1463 1873 uzei
1492 1809 1628 1873 alterius
1664 1830 1764 1873 mauu

366 1917 506 1981 Tleomae
532 1917 671 2000 Smytlci,
694 1919 861 1982 secretarii
885 1918 942 1996 tui,
968 1928 1001 1980 et
1022 1917 1094 1980 uiri
1114 1937 1186 1980 cum
1211 1923 1313 1978 cetera
1332 1912 1522 1996 peregregii‚
1550 1922 1618 1976 tum
1644 1912 1766 1975 Latine

359 2020 522 2085 scribendi
533 2021 741 2104 praestantia
754 2032 854 2104 prope
871 2021 1011 2084 debuerim
1026 2018 1217 2100 singularis.
1245 2027 1278 2081 et
1289 2017 1365 2081 baec
1385 2016 1471 2081 enim
1490 2025 1616 2094 tuaest,
1632 2015 1693 2078 tibi
1710 2015 1764 2078 de-

359 2134 482 2206 sponsa,
500 2125 561 2190 tibi
572 2126 701 2190 debita:
724 2125 783 2208 qui
800 2147 862 2190 uon
885 2135 1009 2188 nostros
1032 2123 1132 2200 modo,
1147 2121 1205 2186 sed
1215 2122 1341 2204 priseos
1362 2121 1431 2184 caru
1454 2118 1614 2184 lastadio
1634 2119 1696 2181 isto
1716 2119 1768 2182 rei

361 2227 487 2292 belluae
506 2229 621 2293 beruas
642 2229 754 2305 uineis,
774 2251 852 2293 nam
875 2227 1013 2292 trilzorio
1033 2225 1092 2289 sub
1108 2225 1231 2306 granis
1253 2233 1444 2288 armaturae
1460 2222 1600 2306 pondere
1624 2222 1697 2305 quis
1723 2222 1764 2286 ab

360 2333 451 2395 amni
464 2333 658 2414 antiquitate
676 2354 760 2396 scotus
775 2332 888 2396 bastas
904 2342 1030 2395 ceastecm
1044 2339 1077 2393 et
1089 2339 1154 2392 acto
1161 2329 1426 2409 fortissimorum
1440 2327 1584 2410 equitum
1598 2325 1765 2404 sustinuit,

271 2477 274 2483 ,
361 2434 550 2518 totidemque
565 2436 599 2498 iu
616 2435 756 2500 adrursa
763 2446 894 2518 pectora
901 2435 1039 2516 fregit?
1063 2432 1101 2496 id
1119 2442 1152 2494 tu
1172 2442 1281 2513 neper.
1305 2433 1363 2495 sed
1374 2453 1436 2495 nou
1453 2452 1509 2513 ego
1524 2430 1763 2512 amplissimum

360 2535 590 2603 lunaticorum
606 2538 740 2602 laudum
755 2549 902 2620 campum
918 2536 1093 2620 ingredior.

411 2660 492 2725 Uale
504 2669 538 2724 et
551 2659 660 2724 Salne.
707 2659 807 2724 Oxou.
824 2672 863 2722 lv
878 2659 917 2721 K
918 2659 961 2722 al.
977 2658 1051 2721 Ian.
1070 2667 1314 2721 MDLxxxv'ssI.

413 2842 477 2913 Ad
495 2839 848 2914 commentationem
867 2839 1014 2912 tertiam
1033 2836 1192 2936 legimus
1207 2865 1267 2910 :—

403 2973 543 3036 Absolui
563 2972 700 3052 tandem,
722 2971 809 3055 quod
827 2969 984 3050 constitui,
1000 2980 1033 3034 ct
1052 2972 1148 3053 quasi
1162 2979 1255 3053 pacto
1277 2970 1338 3034 tibi
1357 2967 1516 3052 spopondi,
1541 2968 1763 3031 tractationem

360 3075 399 3140 de
421 3077 492 3140 iure
513 3076 606 3140 belli:
635 3097 712 3140 uam
735 3075 812 3139 baec
834 3074 932 3139 tertia
951 3085 984 3138 et
998 3085 1160 3156 postrema
1179 3085 1228 3137 est
1247 3073 1367 3138 scilicet
1385 3071 1616 3136 commentatio.
1660 3071 1763 3152 Ergo,

361 3179 448 3263 quod
467 3190 570 3245 restat
588 3201 699 3258 nucem,
717 3179 757 3242 id
776 3176 861 3243 milei
881 3178 1047 3260 rogandus
1067 3201 1109 3256 es,
1130 3177 1327 3242 nobilissime
1342 3178 1488 3254 ESSEXI,
1506 3186 1546 3239 ut
1564 3174 1693 3259 quaudo
1709 3197 1763 3238 ceu

359 3295 507 3366 suspenso
522 3294 602 3360 nato,
618 3304 699 3365 quae
717 3283 751 3346 in
768 3293 796 3346 te
809 3291 883 3348 erat
900 3303 1029 3346 summa
1044 3281 1222 3346 uoluntatis
1240 3303 1326 3344 nacae
1333 3280 1510 3362 propensio,
1525 3278 1629 3361 ipsam
1647 3278 1764 3359 ubique

359 3405 432 3450 sum
447 3386 503 3450 lzoc
519 3408 648 3450 munere
660 3396 861 3463 contestatus,
879 3396 913 3448 tu
928 3385 1060 3449 eandem
1078 3384 1152 3448 boui
1164 3385 1317 3462 enuncias,
1331 3394 1364 3448 et
1377 3405 1427 3448 me
1446 3384 1481 3446 iu
1503 3383 1568 3446 tuis
1583 3403 1685 3445 uuum
1698 3403 1764 3445 esse

359 3511 422 3554 non
430 3491 577 3571 patiaris
591 3491 690 3564 modo,
707 3491 765 3552 sed
776 3491 875 3552 etiam
890 3489 1097 3553 libentissime
1114 3489 1202 3553 ecelis.
1247 3488 1341 3552 Nam
1358 3498 1390 3552 et
1402 3485 1489 3569 quod
1500 3485 1590 3550 uiros
1605 3486 1764 3550 litteratos

360 3614 456 3668 ames,
474 3593 660 3677 foetensque,
685 3603 719 3656 et
742 3593 927 3656 litterarum
953 3613 1073 3675 quaque
1101 3602 1271 3671 amatores,
1297 3593 1333 3656 in
1359 3592 1432 3674 quis
1460 3610 1523 3672 ego,
1549 3591 1764 3672 complectaris

361 3696 575 3762 beneuolentia
599 3709 663 3775 tua,
688 3696 726 3760 ia'
749 3697 815 3773 lux,
841 3705 873 3758 et
897 3695 968 3759 uita
995 3717 1061 3758 nna
1077 3695 1351 3775 fortissimorum,
1374 3695 1464 3758 crede
1489 3693 1580 3771 malci,
1596 3704 1763 3774 gestorum

361 3809 491 3865 tuorum
514 3811 570 3876 est,
594 3823 675 3882 quae
698 3801 784 3863 alias
810 3810 871 3862 aut
892 3799 1023 3862 obscura
1052 3798 1209 3880 degerent,
1239 3809 1300 3861 aret
1321 3820 1391 3861 cum
1417 3809 1505 3879 opere
1532 3799 1592 3861 isto
1610 3797 1765 3880 protinus

360 3905 553 3985 expirarent.
598 3903 708 3965 Macte
726 3912 862 3983 utraque
884 3902 1005 3964 uirtute
1025 3921 1145 3963 carnes:
1167 3911 1199 3962 et
1219 3900 1346 3982 quaudo
1365 3900 1530 3964 ardentem
1552 3910 1643 3964 tuum
1663 3901 1763 3964 istum

360 4007 510 4070 animum
521 4005 608 4068 nilu'l
619 4004 659 4069 ab
673 4004 968 4086 egregc'efactornm
984 4023 1093 4065 amore
1108 4002 1263 4076 retardat,
1277 4024 1336 4085 age
1346 4025 1399 4066 nec
1413 4005 1493 4066 uelis
1508 4005 1652 4084 insignia
1664 4005 1765 4068 iacere

353 4111 512 4193 facinora
537 4119 601 4186 tua,
623 4117 797 4171 mortemue
822 4107 920 4188 quasi
935 4104 1109 4187 parricida
1135 4105 1253 4186 afferre
1274 4106 1327 4168 leis
1349 4108 1496 4170 omuibus
1521 4128 1602 4189 quae
1624 4107 1766 4171 edideris

359 4212 629 4290 excellentissima,
652 4209 731 4274 dnm
754 4209 873 4274 litteris
896 4219 924 4272 te
946 4229 1009 4270 uon
1024 4207 1190 4289 praebeas,
1206 4207 1291 4271 uude
1311 4230 1349 4272 en
1371 4219 1403 4272 ct
1421 4210 1564 4287 alantur,
1579 4219 1611 4273 et
1631 4210 1765 4274 immor-

361 4317 487 4382 talitate
514 4324 745 4380 consacrentur.
792 4313 936 4377 Nomina
964 4322 1071 4376 aretem
1101 4311 1161 4376 lzas
1183 4313 1353 4396 praecipue
1382 4313 1508 4376 litteras
1538 4313 1598 4376 tibi
1625 4335 1706 4396 quae
1737 4324 1765 4376 te

359 4421 468 4485 decent
480 4421 657 4504 praecipue,
676 4439 754 4482 uera
773 4417 885 4482 studia
896 4417 1103 4500 publicarum
1126 4438 1256 4481 rerum:
1285 4418 1325 4481 de
1346 4417 1461 4501 quibus
1482 4417 1672 4500 loqmndum
1696 4417 1764 4496 tibi,

361 4526 421 4589 tibi
447 4525 652 4590 tractandum
674 4533 742 4588 est:
770 4522 810 4586 de
832 4522 946 4606 quibus
967 4531 1142 4605 apparatus
1163 4545 1185 4586 a
1207 4543 1257 4586 mc
1279 4523 1330 4586 ln'c
1348 4521 1506 4586 eiusmodi
1515 4522 1631 4603 faetus
1651 4531 1705 4599 est,
1728 4530 1768 4583 ut

360 4629 394 4693 si
407 4630 498 4693 illam
515 4630 697 4712 inspexeris,
714 4629 770 4692 illo
794 4637 822 4690 te
841 4628 1036 4691 instruxeris
1051 4631 1094 4706 tu,
1110 4648 1172 4690 icon
1193 4625 1335 4690 decbitem
1342 4625 1427 4707 fore,
1442 4627 1521 4709 quin
1534 4637 1664 4709 partem
1679 4626 1764 4688 iuris

369 4797 565 4808 -v-——n-u-—n-
570 4799 693 4807 ...ι-...-
698 4799 810 4806 ...u-...-
818 4797 1282 4806 -·------—·—----.—-.-....-—-.—---.-..
1287 4797 1300 4803 -,
