4534 5576
713 739 774 792 DE
803 737 906 791 IURE
935 735 1069 806 BELH,
1097 735 1177 789 LIB.
1200 734 1242 804 II,
1274 733 1362 789 CAP.
1384 733 1440 789 IX.
1713 727 1772 805 167

373 986 604 1067 transfugiunt,
617 994 649 1048 et
665 984 721 1065 qui
736 981 922 1063 transfugas
939 981 1085 1056 mittunt,
1101 989 1134 1042 et
1150 980 1205 1061 qui
1222 989 1299 1042 sunt
1314 981 1546 1061 speculatores,
1564 990 1596 1044 et
1612 981 1667 1063 qui
1683 1001 1778 1063 spec-

375 1100 519 1162 uiatores
535 1097 679 1161 mittunt.
715 1095 804 1159 Sane
820 1092 900 1156 nihil
916 1102 974 1171 est,
985 1092 1074 1173 quod
1091 1100 1205 1154 contra
1221 1090 1460 1172 speculationes
1473 1091 1643 1156 cauilleris.
1679 1092 1778 1157 Scru-

375 1211 448 1289 tari,
460 1208 620 1292 speculari
637 1229 688 1270 res
703 1206 848 1270 hostiurn
859 1215 893 1268 et
908 1224 1082 1287 possumus
1097 1213 1131 1266 et
1147 1203 1313 1280 debemus,
1326 1211 1360 1265 et
1370 1202 1413 1266 ab
1429 1203 1520 1265 omni
1534 1223 1618 1267 aeuo
1633 1203 1778 1267 solemus

376 1341 500 1398 omnes,
516 1329 550 1384 et
580 1320 671 1383 omni
701 1320 811 1382 modo.
868 1316 969 1400 Quod
996 1316 1023 1378 si
1050 1335 1128 1378 uero
1158 1313 1379 1396 speculatores
1406 1314 1529 1377 duriter
1554 1316 1777 1396 accipiuntur:

376 1433 460 1498 ratio
489 1441 539 1495 est
572 1451 616 1494 ex
651 1429 766 1493 maiori
793 1428 938 1511 periculo
964 1428 1054 1508 quod
1080 1426 1124 1489 ab
1154 1427 1233 1508 ipsis
1263 1434 1322 1488 est.
1380 1424 1467 1489 Sunt
1497 1445 1640 1508 namque
1666 1425 1779 1488 hostes

376 1543 496 1609 occulti
521 1551 554 1605 et
577 1543 610 1604 in
633 1541 831 1605 uisceribus:
860 1539 967 1620 etqui
991 1559 1090 1620 saepe
1112 1538 1248 1620 possint,
1274 1557 1340 1600 uno
1361 1535 1472 1620 aliquo
1495 1538 1627 1601 detecto
1643 1537 1778 1602 consilio

377 1655 532 1729 hostiurn,
559 1651 633 1734 plus
660 1651 738 1714 mali
765 1651 837 1714 istis
863 1649 998 1728 adferre,
1025 1668 1125 1730 quam
1153 1648 1242 1711 mille
1268 1647 1414 1712 lacerent
1444 1648 1592 1731 peditum
1618 1658 1779 1724 cateruae,

379 1768 594 1848 equitumque
611 1762 770 1827 cohortes.
808 1759 1000 1822 Arcendum
1017 1759 1079 1823 hoc
1096 1758 1157 1822 suit
1176 1757 1363 1841 periculum,
1381 1761 1550 1841 proposito
1568 1759 1779 1823 inferentibus

380 1877 468 1940 malo
493 1894 624 1957 magno
670 1873 720 1938 Ut
742 1872 788 1936 sic
810 1869 888 1946 iura,
904 1871 949 1933 sic
972 1891 1109 1952 poenae,
1125 1869 1168 1932 ob
1187 1889 1320 1933 causam
1343 1869 1440 1932 istam
1464 1879 1498 1933 et
1518 1870 1562 1932 ob
1579 1868 1660 1933 alias
1682 1890 1779 1934 exas-

381 1985 567 2072 perantur1.
627 1986 745 2066 Neque
772 2002 887 2046 omnes
914 1983 1032 2045 eodem
1064 1982 1164 2044 modo
1191 1989 1374 2044 tractantur
1399 1981 1520 2044 hostes.
1575 1980 1780 2063 Transfugae

381 2099 526 2164 simulati
553 2107 587 2160 et
615 2094 839 2178 speculatores
865 2093 965 2157 etiam
993 2093 1039 2157 sic
1062 2093 1194 2156 tractari
1220 2102 1367 2173 possunt,
1389 2093 1484 2176 quasi
1509 2093 1641 2168 subditi,
1664 2094 1721 2176 qui
1747 2094 1779 2156 in

382 2210 544 2274 territorio
570 2208 675 2271 hostis
701 2213 787 2270 sunt.
831 2203 883 2267 At
908 2205 951 2267 de
973 2203 1149 2284 transfugis
1175 2212 1286 2285 potest
1316 2203 1513 2285 disceptatio
1544 2203 1648 2266 maior
1677 2204 1781 2267 uideri

384 2331 518 2404 propter
536 2320 569 2382 id
588 2319 677 2400 quod
696 2317 777 2393 dixi,
793 2315 948 2377 iniustum
969 2333 1040 2376 esse
1064 2314 1272 2376 mendacium
1290 2313 1324 2376 in
1343 2313 1578 2378 conueniendo
1624 2313 1780 2377 Ceterum

383 2430 657 2497 considerandum
680 2427 733 2491 hic
756 2435 814 2503 est,
834 2445 900 2488 non
925 2445 996 2487 esse
1014 2445 1090 2487 uere
1109 2424 1360 2488 conuentionem
1383 2425 1591 2507 transfugae:
1622 2427 1679 2508 qui
1702 2427 1782 2489 inire

383 2542 637 2607 conuentionem
659 2541 790 2622 ineptus
812 2547 881 2600 est:
906 2535 1057 2599 subditus
1079 2534 1226 2599 alienus:
1250 2556 1348 2599 neca
1366 2535 1569 2600 subiectione
1587 2537 1782 2601 eximendus

385 2676 443 2738 per
465 2651 706 2735 transfugium
731 2670 792 2713 nec
812 2648 1002 2713 efficiendus
1024 2647 1086 2711 sub
1108 2646 1210 2710 aliurn
1233 2647 1414 2711 dominum.
1459 2649 1538 2711 Non
1556 2669 1635 2731 ergo
1653 2649 1783 2712 uidetur

384 2765 553 2846 transfuga
571 2750 701 2827 dedisse
719 2781 755 2824 se
774 2759 861 2823 hosti
880 2757 983 2836 aliter,
998 2778 1098 2840 quam
1115 2768 1151 2822 ut
1169 2759 1196 2820 si
1212 2757 1313 2836 sallat,
1328 2779 1388 2839 pro
1407 2759 1541 2823 arbitrio
1560 2760 1662 2842 ipsius
1679 2759 1783 2824 hostis

385 2876 557 2960 plectatur.

440 2987 486 3050 Et
516 2986 563 3048 ita
596 2984 675 3047 mihi
705 2983 843 3061 uidetur,
873 2992 906 3046 et
940 2983 989 3046 ius
1022 3003 1093 3046 esse
1123 2983 1155 3045 in
1189 2983 1358 3046 contrariis
1390 2982 1547 3065 partibus.
1608 2982 1654 3047 Et
1687 2983 1784 3047 adfir-

385 3109 494 3164 matur
521 3097 678 3171 definitio,
705 3096 859 3177 quoniam
888 3095 1047 3172 uidemus
1077 3115 1144 3158 non
1177 3115 1234 3157 eos
1264 3095 1396 3176 pudere,
1426 3096 1482 3177 qui
1513 3103 1651 3159 utuntur
1680 3104 1785 3159 trans·

385 3211 483 3294 fugiis
506 3219 539 3273 et
562 3207 709 3272 mentitis
731 3206 991 3289 proditionibus:
1020 3207 1078 3269 sed
1104 3208 1171 3270 imo
1194 3206 1315 3271 iactare
1337 3206 1461 3271 factum
1484 3227 1608 3285 omnes,
1626 3216 1660 3272 et
1683 3208 1787 3271 ridere

386 3322 517 3384 illusum
543 3319 684 3382 hostem.
741 3316 798 3379 lus
825 3319 911 3380 enim
939 3337 1010 3380 esse
1036 3318 1176 3381 dicimus
1203 3327 1298 3396 recte,
1325 3319 1413 3399 quod
1440 3318 1593 3382 omnibus
1623 3317 1786 3384 laudatur.

390 3432 488 3496 Certe
511 3429 591 3492 illud
611 3448 765 3510 usurpare
788 3448 963 3511 possumus
985 3429 1066 3493 citra
1089 3429 1248 3507 iniuriam,
1267 3429 1299 3492 in
1318 3429 1406 3511 quod
1428 3431 1651 3495 consenserint
1671 3453 1786 3495 omnes

388 3543 508 3626 palam.
565 3540 601 3604 Si
629 3548 786 3622 usurpent
815 3540 932 3618 solum,
956 3549 989 3604 et
1019 3541 1163 3622 pudeat:
1203 3541 1252 3602 ius
1282 3560 1354 3603 esse
1384 3542 1519 3623 nequit:
1554 3551 1643 3606 certe
1672 3545 1786 3625 nequit

388 3655 513 3736 absque
535 3652 692 3716 iniustitia
710 3651 865 3733 usurpari,
884 3652 974 3733 quod
993 3651 1192 3714 conscientia
1209 3651 1376 3732 improbat
1394 3658 1428 3713 et
1447 3661 1567 3727 nostra,
1586 3661 1620 3716 et
1638 3652 1786 3718 aliorum.

390 3763 486 3847 Quae
503 3763 680 3827 fortissima
702 3762 854 3845 probatio
874 3761 918 3824 rei
939 3770 997 3838 est,
1016 3762 1127 3823 iuncta
1148 3761 1336 3824 rationibus.
1383 3759 1438 3824 Sic
1457 3761 1545 3824 enirn
1568 3764 1788 3828 ostenduntur

390 3875 532 3939 rationes
555 3873 740 3939 naturales:
765 3894 850 3955 quae
872 3880 1054 3936 consonant
1077 3872 1303 3935 conscientiae.
1348 3871 1464 3953 Atque
1486 3873 1513 3934 si
1535 3872 1617 3935 haec
1639 3875 1684 3937 ita
1702 3886 1787 3952 sunt,

391 3986 471 4051 illud
496 3987 602 4068 magis
624 3986 694 4062 erit,
717 3994 753 4048 ut
776 3983 1017 4066 proditionibus
1039 3991 1154 4046 contra
1175 3983 1378 4065 proditiones
1402 3984 1564 4065 possimus
1585 3986 1641 4049 uti.
1687 3985 1788 4069 Quod

391 4098 560 4180 respondit
590 4097 731 4161 Ioannes
759 4094 934 4178 Cephalus,
959 4114 1019 4175 pro
1045 4114 1085 4157 eo
1114 4094 1170 4176 qui
1200 4095 1357 4157 inuitatus
1386 4096 1525 4176 prodere
1555 4097 1787 4177 Mirandulam,
1853 4083 1861 4096 ’

390 4209 528 4290 principi
547 4209 580 4272 id
600 4228 659 4270 suo
678 4207 899 4270 renunciauit:
922 4214 1023 4288 atque
1040 4205 1192 4288 princeps
1209 4206 1310 4285 iussit,
1325 4204 1491 4271 hominem
1510 4229 1662 4286 annuere,
1678 4210 1789 4291 itaque

391 4318 520 4383 trahere
541 4318 654 4382 hostes
677 4318 766 4400 ipsos
788 4319 821 4380 in
844 4316 979 4380 insidias
989 4318 1011 4382 ¹².
1057 4317 1175 4396 Potuit,
1195 4313 1315 4401 (inquit
1338 4316 1518 4406 Cephalus)
1541 4330 1574 4384 et
1597 4320 1711 4385 debuit
1733 4322 1790 4385 ille

391 4430 611 4493 tentationem
640 4429 768 4511 aperire
797 4428 943 4511 principi,
973 4428 1148 4511 eidemque
1176 4427 1310 4494 obedire
1338 4430 1552 4512 praecipienti
1582 4433 1790 4496 contrarium.

620 4644 628 4672 ¹
645 4643 662 4692 l.
674 4658 696 4708 5.
708 4645 738 4696 C.
750 4643 873 4695 adle.1u.
886 4661 934 4696 ma.
948 4647 982 4709 (9.
995 4647 1031 4708 8).
1310 4647 1319 4674 ²
1336 4648 1414 4713 Ceph.
1427 4663 1493 4699 cons.
1506 4647 1561 4713 696.
