4498 5566
477 729 519 796 32
963 722 1165 776 ALBERICI
1193 721 1393 775 GENTILIS

477 965 539 1030 fuit
550 963 569 1030 ¹.
616 967 738 1030 Diuitis
753 965 816 1031 hoc
831 967 949 1032 uitium
965 977 1014 1031 est
1029 967 1117 1031 auri:
1143 967 1244 1032 etiam
1263 967 1366 1030 Poeta
1383 963 1467 1030 hic2.
1512 965 1558 1029 Et
1575 963 1658 1028 alius
1676 963 1812 1028 itidem:
1844 973 1879 1027 ct

477 1078 568 1159 quod
586 1098 702 1142 aurum
719 1078 805 1142 ferro
826 1078 996 1143 nocentius
1014 1079 1061 1143 sic
1079 1087 1130 1143 est
1139 1078 1162 1142 ³.
1209 1079 1256 1143 Et
1276 1077 1421 1142 Cerealis
1437 1078 1525 1159 apud
1545 1076 1710 1151 Tacitum,
1730 1074 1878 1138 ‘Aurum

477 1191 485 1219 ‘
501 1197 535 1252 et
550 1209 630 1273 opes
645 1190 839 1272 praecipuae
854 1189 1016 1253 bellorum
1032 1210 1165 1255 caussae
1174 1189 1206 1254 ⁴.'
1220 1251 1227 1267 ,
1251 1189 1346 1274 Quae
1365 1199 1398 1253 et
1417 1185 1609 1270 Philosophi
1627 1196 1661 1251 et
1679 1187 1751 1269 quis
1772 1205 1839 1248 non
1849 1182 1880 1246 ⁶?

478 1299 606 1364 Uerum
626 1300 749 1365 iustitia
767 1322 955 1366 caussarum
972 1301 1051 1366 belli
1071 1302 1154 1367 haec
1174 1322 1241 1366 non
1262 1311 1320 1366 est.
1364 1300 1458 1365 Audi
1479 1299 1715 1383 Augustinum,
1735 1296 1878 1361 ‘Inserre

477 1410 588 1474 ‘bella
605 1410 761 1491 finitimis,
780 1423 814 1477 et
832 1411 910 1477 inde
927 1413 961 1476 in
980 1421 1108 1477 caetera
1126 1413 1311 1496 procedere,
1330 1433 1369 1477 ac
1387 1411 1528 1495 populos
1546 1410 1609 1474 sibi
1630 1429 1696 1473 non
1719 1408 1877 1473 molestos

476 1524 484 1552 ‘
500 1521 570 1585 sola
585 1525 676 1606 regni
691 1524 874 1606 cupiditate
889 1533 1066 1604 conterere,
1081 1524 1161 1607 quid
1177 1524 1274 1603 aliud,
1289 1544 1391 1607 quam
1405 1524 1533 1606 grande
1548 1521 1755 1586 latrocinium
1770 1521 1876 1585 nomi·

476 1634 647 1698 ‘nandum
663 1644 714 1698 cst
724 1633 774 1697 Ψ
811 1635 974 1700 Barbarus
990 1635 1044 1700 ille
1059 1636 1206 1715 barbare,
1223 1636 1281 1700 ‘Id
1297 1637 1330 1699 in
1346 1655 1475 1700 summa
1490 1633 1620 1698 fortuna
1635 1633 1771 1716 aequius
1786 1633 1876 1715 quod

475 1747 483 1777 ‘
498 1742 658 1810 ualidius:
674 1755 708 1811 et
723 1767 783 1811 sua
798 1747 944 1827 retinere,
956 1747 1105 1830 priuatae
1121 1747 1256 1825 domus3
1273 1747 1315 1811 de
1330 1747 1446 1810 alienis
1460 1755 1593 1824 certare,
1604 1745 1728 1828 regiam
1744 1743 1877 1808 laudem

475 1852 615 1920 ‘esse⁷.’
659 1857 706 1922 Et
721 1856 784 1923 hoc
800 1857 881 1923 illud
900 1868 958 1939 est,
976 1861 1065 1942 quod
1086 1867 1202 1924 contra
1216 1857 1451 1923 Alexandrum
1472 1857 1665 1936 iactabatur,
1684 1876 1761 1920 eum
1778 1857 1878 1920 fuisse

474 1968 677 2050 praedonem
695 1969 784 2034 orbis
802 1981 970 2049 terrarum,
986 1970 1042 2053 qui
1060 1971 1125 2036 ista
1142 1980 1272 2036 tantum
1288 1969 1424 2034 libidine
1439 1969 1568 2053 imperii
1584 1969 1711 2052 quietos
1727 1966 1877 2051 populos,

474 2089 509 2143 et
523 2100 545 2144 a
558 2080 677 2144 notitia
694 2081 744 2144 sui
763 2102 896 2165 quoque
913 2083 1083 2166 sepositos,
1102 2091 1265 2147 scrutatus
1284 2090 1335 2146 est
1354 2093 1388 2147 et
1408 2080 1496 2145 bello
1511 2081 1659 2145 uexauit.
1704 2079 1750 2143 Et
1767 2078 1878 2143 Attila

473 2191 531 2273 qui
549 2212 682 2256 caussas
697 2193 861 2258 bellorum
876 2194 982 2258 nullas
997 2194 1195 2270 sectabatur,
1211 2193 1325 2258 odium
1345 2193 1480 2258 meritus
1500 2193 1648 2256 omnium
1667 2191 1783 2255 merito
1799 2191 1877 2255 dici·

473 2311 541 2368 tur:
559 2302 616 2386 qui
631 2306 784 2369 omnibus
799 2305 847 2370 ita
861 2306 988 2371 serebat
1003 2328 1040 2371 se
1055 2304 1253 2371 inimicum⁸.
1283 2304 1399 2388 Atque
1414 2305 1457 2369 de
1471 2304 1585 2387 piratis
1600 2303 1667 2366 iam
1682 2303 1877 2366 audiuimus.

475 2413 545 2497 Ipsi
564 2416 665 2480 etiam
683 2416 813 2481 Turcae
830 2418 936 2482 bonas
955 2427 1114 2502 quaerunt
1132 2438 1275 2497 caussas,
1291 2437 1394 2500 quum
1416 2415 1565 2498 cogitant
1587 2413 1713 2479 bellum
1736 2435 1877 2480 mouere.

476 2524 522 2589 Et
539 2525 652 2610 itaque
670 2528 713 2592 de
731 2527 884 2611 Cypric0,
899 2550 1003 2612 quum
1020 2530 1161 2594 Uenetis
1180 2530 1306 2612 eripere
1323 2527 1404 2592 illud
1424 2546 1561 2610 regnum
1581 2525 1682 2590 uellet
1701 2524 1877 2608 ‘Selymus

473 2637 644 2718 ‘cogitare
670 2640 787 2721 coepit,
809 2641 928 2722 quibus
953 2641 1134 2705 rationibus
1156 2641 1280 2704 bellum
1304 2641 1453 2724 legitime
1475 2636 1595 2721 suscipi
1619 2638 1723 2702 uideri
1745 2647 1877 2720 posset:

475 2749 655 2831 ‘quoniam
681 2770 747 2813 non
775 2759 826 2814 est
853 2752 1127 2816 Otomanicorum
1153 2752 1346 2830 institutum,
1367 2762 1404 2816 ut
1431 2750 1555 2815 bellum
1582 2750 1708 2832 impetu
1732 2750 1878 2832 quodam

474 2864 482 2893 ‘
497 2859 599 2923 animi
613 2868 732 2943 gerant
741 2859 772 2924 ⁹!
810 2861 966 2926 Ferinum
982 2864 1023 2942 id,
1039 2862 1128 2926 nulla
1143 2873 1280 2947 accepta
1294 2863 1410 2927 iniuria
1425 2863 1468 2927 ad
1485 2862 1612 2941 caedes,
1629 2871 1661 2924 et
1677 2863 1878 2926 uastationes

475 2971 596 3035 uenire.
649 2972 750 3057 Quod
774 2971 874 3037 iidem
897 2973 988 3037 aiunt
1010 2972 1155 3038 historici
1177 2974 1272 3038 bene.
1326 2974 1475 3038 Piscibus
1497 2973 1531 3036 id
1554 2972 1717 3052 conuenit,
1736 2980 1770 3036 et
1792 2971 1877 3050 seris,

475 3091 509 3146 et
531 3083 649 3146 auibus
671 3083 868 3162 uolucribus,
889 3105 926 3148 se
948 3095 1062 3149 mutuo
1083 3095 1119 3149 ut
1141 3096 1278 3150 uorent:
1307 3084 1578 3175 quandoquidem
1601 3093 1713 3148 carent
1736 3083 1877 3148 iustitia:

475 3202 513 3256 ut
532 3194 650 3259 cecinit
674 3193 842 3259 Hesiodus
852 3193 888 3259 ¹⁰.
932 3193 1049 3279 Atque
1071 3196 1149 3259 inde
1171 3196 1240 3260 fieri
1261 3197 1307 3261 sic
1330 3196 1490 3273 audimus,
1507 3205 1544 3259 ut
1566 3215 1697 3278 semper
1714 3195 1878 3277 principes

474 3303 619 3387 aliquam
633 3305 839 3387 probabilem
856 3326 989 3370 causam
1005 3308 1287 3390 suscipiendorum
1298 3306 1461 3372 bellorum
1473 3328 1552 3391 prae
1567 3328 1603 3371 se
1618 3305 1745 3371 serant:
1765 3326 1879 3389 quam-

474 3416 525 3478 uis
548 3437 647 3499 saepe
674 3437 773 3482 causa
794 3417 901 3481 subsit
923 3417 1021 3482 nulla.
1078 3418 1183 3483 Uides
1206 3429 1240 3483 et
1262 3441 1283 3483 a
1306 3420 1426 3503 Moyse
1444 3421 1612 3502 quaesitas
1640 3439 1792 3483 caussas:
1822 3418 1879 3501 qui

474 3534 589 3591 tamen
611 3528 757 3593 habebat
779 3550 909 3593 summe
931 3530 1061 3608 iustam,
1083 3531 1208 3594 iussum
1236 3531 1300 3594 Dei
1311 3529 1345 3594 ¹¹.
1387 3532 1443 3595 Ex
1469 3531 1533 3596 hoc
1561 3531 1648 3595 enim
1674 3550 1749 3595 cum
1772 3529 1880 3593 facere

474 3637 600 3703 bellum
626 3640 763 3704 deberet
790 3640 964 3720 Emoraeo,
987 3662 1087 3723 quem
1113 3642 1259 3707 deleret:
1292 3642 1381 3706 misit
1408 3643 1544 3707 nuncios
1570 3651 1692 3720 tamen,
1714 3641 1770 3724 qui
1797 3639 1878 3705 haec

474 3751 629 3831 dicerent,
660 3751 860 3816 ‘Transeam
889 3772 948 3836 per
977 3762 1098 3817 terram
1131 3762 1245 3818 tuam:
1284 3773 1350 3818 non
1379 3754 1582 3819 diuertemus
1611 3755 1645 3817 in
1674 3773 1799 3835 agrum,
1821 3762 1879 3817 aut

474 3863 637 3942 ‘uincam¹
653 3883 760 3946 neque
778 3863 929 3928 bibemus
948 3886 1069 3948 aquam
1087 3866 1198 3949 putei:
1221 3867 1275 3930 uia
1295 3875 1383 3931 recta
1402 3865 1522 3930 ibimus
1541 3886 1644 3948 usque
1662 3864 1743 3928 dum
1761 3865 1879 3928 transi-

475 3975 641 4039 ‘uerimus
663 3975 840 4039 terminum
862 3976 976 4042 tuum!
1022 3978 1135 4043 Etiam
1160 3978 1322 4044 Hercules
1341 3986 1480 4042 uenatur
1501 3976 1580 4041 belli
1602 3977 1810 4042 occasionem
1829 3973 1880 4062 (ut

473 4086 522 4150 ait
536 4083 752 4172 Apollonius)
767 4095 881 4152 contra
897 4088 1071 4171 Dryopes:
1095 4091 1150 4173 qui
1166 4091 1289 4174 alioqui
1305 4087 1446 4171 improbi
1461 4086 1612 4152 homines
1622 4086 1657 4151 ¹².
1688 4087 1765 4153 Sint
1781 4088 1880 4170 igitur

537 4319 545 4348 ¹
561 4319 654 4370 Sallust
666 4320 740 4385 Frag.
751 4320 794 4370 lib.
807 4336 831 4384 4
843 4327 868 4370 et
879 4320 956 4373 Catil.
968 4337 989 4372 c.
1002 4321 1026 4370 8.
1155 4322 1165 4350 ²
1181 4322 1255 4371 Tibu.
1270 4338 1291 4370 1.
1304 4321 1357 4372 Ele.
1372 4335 1411 4370 ιο.
1547 4321 1556 4350 ²
1573 4320 1631 4372 Oui.
1647 4336 1668 4371 1.
1682 4322 1744 4371 Met.
1759 4335 1813 4386 141·

640 4403 649 4432 ⁴
667 4404 727 4454 Tac.
740 4418 764 4467 4.
778 4403 845 4452 Hist.
858 4419 879 4452 c.
894 4412 933 4466 74.
1140 4403 1150 4432 ὅ
1167 4403 1221 4453 Phi.
1232 4404 1263 4454 de
1275 4403 1315 4454 Vi.
1329 4403 1408 4467 Moy..
1419 4411 1444 4455 et
1455 4405 1486 4454 de
1499 4403 1586 4454 Decal.
1600 4407 1635 4470 (p.
1650 4403 1721 4474 766),

556 4484 567 4514 ⁸
583 4487 650 4550 Aug.
663 4501 686 4548 4.
698 4485 729 4534 de
741 4485 796 4535 Ciu.
811 4501 830 4534 c
844 4484 867 4535 6.
1031 4484 1041 4515 ⁷
1058 4485 1119 4535 Tac.
1134 4498 1172 4549 15.
1185 4487 1234 4537 An.
1247 4501 1268 4537 c.
1283 4499 1304 4535 1.
1469 4487 1479 4516 ⁸
1496 4487 1612 4538 lomund.
1624 4487 1656 4538 de
1667 4487 1711 4538 Or.
1723 4501 1745 4538 c.
1759 4487 1799 4551 36.

507 4569 517 4596 ⁸
535 4566 620 4617 Natal.
633 4567 681 4619 Co.
692 4566 736 4616 lib.
750 4580 787 4616 21.
950 4566 968 4595 ¹⁰
987 4565 1074 4617 Hesio.
1087 4567 1136 4632 Op.
1148 4567 1165 4616 l.
1181 4578 1235 4632 πῃ.
1392 4569 1409 4598 ¹¹
1427 4570 1517 4620 Nume.
1533 4584 1577 4628 ²13
1601 4570 1676 4622 Deut.
1691 4584 1719 4626 κς
1740 4569 1796 4620 Iud.
1810 4583 1847 4620 11.

1018 4648 1037 4679 ²²
1054 4649 1131 4715 Apol.
1145 4664 1167 4701 1.
1179 4652 1240 4716 Arg.
1256 4653 1325 4701 1218.
