4534 5576
946 731 1149 785 ALBERICI
1176 729 1377 784 GENTILIS

459 977 559 1041 bello
605 978 693 1040 Nam
725 986 864 1053 constat,
888 976 1036 1042 inducias
1063 976 1133 1038 dari
1157 976 1320 1057 quasdam
1343 995 1363 1036 a
1386 974 1547 1038 ducibus:
1579 982 1661 1055 puta
1682 973 1725 1036 ad
1749 971 1867 1055 sepeli-

462 1090 565 1152 endos
585 1089 794 1153 interlectos:
825 1088 906 1152 alias
924 1088 1020 1151 huius
1038 1089 1167 1170 generis
1186 1089 1218 1149 in
1237 1087 1337 1150 breue
1356 1097 1489 1169 tempus
1501 1086 1521 1150 ¹.
1565 1085 1681 1167 Atque
1700 1086 1746 1148 sic
1765 1085 1864 1148 etiam

462 1208 513 1264 est
535 1202 703 1277 traditum,
723 1201 916 1263 mandatum
941 1200 983 1262 de
1006 1199 1176 1280 solitisque
1200 1199 1303 1262 uideri
1326 1199 1507 1263 traditum:
1539 1207 1571 1262 et
1594 1218 1728 1261 omnem
1751 1216 1864 1279 procu·

462 1321 605 1375 ratorem
629 1320 663 1374 et
689 1332 787 1393 posse
810 1321 844 1374 et
866 1312 987 1374 debere
1009 1311 1122 1374 solitas
1145 1311 1320 1374 dilationes
1342 1311 1520 1373 admittere
1531 1309 1553 1371 ².
1608 1310 1683 1373 Imo
1704 1319 1740 1372 et
1767 1310 1866 1373 duces

462 1424 638 1487 inferiores.
656 1424 854 1505 primoribus
876 1422 1077 1500 absentibus,
1093 1432 1208 1486 tenore
1230 1432 1412 1504 perpetuae
1434 1422 1682 1486 consuetudinis
1702 1423 1865 1504 quaedam

461 1536 569 1598 solent
592 1543 626 1598 et
648 1545 785 1617 possunt
809 1536 903 1599 istius
926 1537 1055 1616 generis
1079 1535 1195 1598 lacere.
1242 1535 1288 1598 Et
1310 1536 1344 1596 in
1361 1535 1408 1597 eis
1430 1534 1532 1597 fidem
1555 1533 1764 1616 obstringunt
1783 1533 1866 1616 pub-

463 1648 515 1710 lici
539 1657 572 1710 et
594 1648 686 1711 ducis
714 1649 844 1712 summi.
891 1648 939 1712 Ut
964 1649 1052 1711 enim
1077 1649 1146 1729 ipse
1169 1668 1318 1710 summus
1341 1649 1411 1710 dux
1435 1647 1467 1710 in
1490 1646 1541 1710 his
1564 1667 1650 1728 quae
1671 1648 1713 1709 ad
1737 1655 1866 1728 partem

462 1760 523 1822 sibi
549 1761 752 1838 mandatam,
776 1760 882 1842 legem
911 1761 1049 1841 principi
1072 1761 1213 1842 imponit
1236 1780 1318 1822 suo:
1350 1761 1396 1822 ita
1419 1760 1525 1822 minor
1546 1758 1738 1841 praefectus,
1761 1759 1794 1820 in
1817 1756 1868 1820 his

462 1893 548 1954 quae
576 1874 620 1936 ad
651 1883 780 1954 partem
811 1872 872 1934 sibi
904 1873 1096 1934 mandatam
1127 1881 1288 1953 spectant,
1313 1872 1421 1952 legem
1452 1871 1527 1935 duci
1557 1870 1764 1954 praescribet.
1822 1868 1867 1931 Et

462 1984 593 2047 institor
611 1984 782 2047 dominum
805 1982 932 2065 obligat
956 1983 1056 2045 etiam
1080 1983 1112 2044 in
1135 1984 1278 2064 sequelis
1288 1983 1310 2047 ³.
1356 1983 1486 2046 Tenere
1508 1983 1608 2065 igitur
1629 1982 1715 2046 hanc
1734 1981 1869 2044 distinc-

463 2097 587 2158 tionem
611 2104 764 2177 oportet:
791 2104 827 2157 ut
850 2094 970 2176 pacisci
994 2095 1151 2172 inducias,
1174 2095 1247 2172 alia,
1270 2096 1341 2157 dux
1364 2094 1503 2176 quilibet
1526 2095 1569 2157 ad
1593 2115 1632 2157 ea
1651 2093 1761 2157 ualeat
1783 2112 1869 2174 quae

464 2207 596 2269 ducatui
627 2206 806 2269 cohaerent
837 2226 905 2283 suo,
929 2225 995 2269 non
1025 2207 1068 2269 ad
1095 2205 1170 2268 alia.
1216 2206 1268 2268 Ea
1297 2214 1410 2268 autem
1442 2206 1581 2270 ducibus
1611 2205 1691 2268 data
1717 2206 1869 2268 uidentur

463 2318 584 2394 omnia,
600 2319 670 2380 sine
686 2317 805 2398 quibus
823 2316 956 2380 tractari
975 2315 1110 2394 bellum,
1127 2325 1185 2379 aut
1201 2318 1402 2380 demandata
1417 2317 1497 2379 belli
1513 2337 1597 2398 pars,
1616 2336 1682 2379 non
1698 2317 1869 2398 contingit.

465 2427 514 2491 Ut
541 2426 585 2489 de
612 2428 691 2491 data
717 2428 942 2490 iurisdictione
972 2437 1005 2490 et
1032 2429 1075 2490 de
1103 2430 1262 2491 mandato
1288 2428 1507 2492 iurisconsulti
1534 2425 1712 2492 scribunt⁴.
1769 2427 1869 2509 Quod

465 2547 498 2600 et
521 2559 635 2601 uerum
659 2547 718 2616 est,
741 2537 818 2602 licet
842 2539 975 2615 maiora,
996 2548 1053 2602 aut
1071 2540 1221 2603 diuersae
1239 2540 1368 2620 speciei,
1387 2560 1427 2601 ea
1444 2539 1510 2602 sint
1528 2560 1614 2621 quae
1633 2549 1802 2621 praeterea
1824 2539 1870 2601 sic

464 2649 543 2712 data
573 2669 745 2713 censemus
757 2649 778 2713 ⁵.
836 2649 881 2712 Et
913 2650 1101 2712 melioribus
1132 2650 1313 2714 rationibus
1346 2650 1536 2713 conclusum
1568 2672 1587 2713 a
1618 2651 1723 2713 Decio
1756 2659 1870 2714 contra

465 2759 547 2822 alios
570 2769 631 2822 est.
677 2760 722 2824 Et
746 2781 823 2824 uero
847 2761 908 2823 nisi
932 2762 1032 2824 duces
1055 2781 1178 2839 omnes,
1203 2761 1254 2825 uel
1278 2763 1390 2840 infimi,
1409 2765 1572 2844 quaedam
1596 2771 1739 2844 possent,
1758 2762 1871 2824 absur-

465 2871 545 2933 dum
568 2881 769 2952 sequeretur,
788 2882 825 2935 ut
848 2873 1000 2954 princeps
1019 2874 1089 2955 ipse
1112 2882 1169 2936 aut
1190 2894 1339 2936 summus
1359 2875 1431 2937 dux
1454 2895 1526 2938 esse
1546 2874 1668 2956 ubique
1690 2884 1870 2955 cogeretur.

467 2980 568 3063 Quod
595 2983 627 3044 in
655 2983 753 3044 simili
779 2984 972 3064 quaestione
994 2983 1149 3047 Alciatus
1176 2984 1295 3048 alicubi
1318 2985 1440 3064 habet3
1468 2986 1547 3048 item
1575 2995 1609 3048 et
1636 2986 1836 3067 Papinianus
1848 2985 1870 3045 θ.

469 3092 657 3156 Praesentia
682 3094 838 3176 principis
865 3104 898 3158 et
925 3097 1045 3158 summi
1068 3095 1162 3159 ducis
1184 3096 1311 3178 obligat
1338 3118 1456 3160 manus
1478 3098 1617 3161 aliorum
1641 3098 1769 3161 ualde⁷.
1816 3097 1871 3161 Sic

469 3204 608 3267 Latinus
639 3214 672 3268 et
698 3205 833 3268 Aeneas
863 3205 994 3269 firmant
1025 3205 1166 3270 foedera.
1220 3208 1351 3273 Turnus
1378 3209 1457 3271 nihil
1484 3210 1562 3290 agit.
1617 3209 1684 3274 Sed
1712 3219 1746 3272 et
1768 3228 1871 3290 quum

467 3315 621 3397 generale
636 3325 670 3379 et
685 3315 824 3379 liberum
847 3317 1042 3380 mandatum
1064 3319 1178 3381 datum
1201 3320 1286 3397 duci,
1301 3329 1358 3383 aut
1379 3319 1540 3402 generalis
1557 3329 1607 3383 est
1622 3320 1731 3384 locum
1747 3330 1871 3397 tenens

469 3428 496 3488 is
511 3427 590 3491 dare
605 3437 716 3508 potest
733 3428 878 3492 inducias
887 3427 909 3493 ⁸.
957 3428 1029 3491 Imo
1045 3428 1149 3492 uoluit
1166 3430 1349 3509 Duarenus,
1365 3431 1480 3495 confici
1496 3452 1612 3514 pacem
1628 3452 1760 3514 quoque
1776 3451 1872 3513 posse

468 3558 490 3600 a
513 3539 598 3601 duce
624 3540 697 3604 isto.
736 3541 892 3621 quoniam
920 3549 953 3604 et
980 3551 1178 3622 procurator,
1203 3543 1254 3605 cui
1281 3542 1478 3624 generaliter
1504 3544 1605 3606 libera
1631 3543 1873 3606 administratio

470 3669 576 3712 rerum
596 3651 772 3714 commissa
791 3661 848 3730 est,
865 3653 968 3734 possit
987 3653 1128 3734 exigere,
1144 3653 1234 3716 aliud
1255 3674 1314 3735 pro
1332 3655 1398 3717 alio
1417 3661 1604 3735 permutare
1612 3655 1633 3718 ⁹.
1679 3654 1774 3737 Quae
1793 3654 1872 3717 mihi

469 3763 633 3825 sententia
655 3782 721 3825 non
748 3763 879 3845 placet:
911 3775 1168 3848 quantacunque
1190 3766 1326 3828 demum
1353 3775 1501 3849 potestas
1527 3766 1738 3848 amplissimis
1764 3766 1873 3828 uerbis

469 3873 594 3937 tributa
616 3875 691 3937 duci
715 3884 926 3956 proponatur.
974 3876 1040 3941 Hic
1063 3878 1152 3940 enim
1176 3886 1209 3940 et
1232 3877 1391 3958 grauiora,
1411 3886 1444 3940 et
1467 3879 1606 3941 aduersa
1629 3887 1789 3954 extrema,
1808 3897 1873 3939 non

471 3986 572 4048 modo
599 3986 728 4048 diuersa
759 3987 869 4050 media
895 3987 1160 4052 includerentur:
1196 3998 1230 4052 et
1257 3989 1338 4052 citra
1368 3990 1596 4052 necessitatem
1623 3990 1805 4052 sustinendi
1836 4007 1874 4050 ea

470 4118 557 4179 quae
580 4117 737 4178 expresse
760 4117 915 4161 concessa
937 4110 1023 4163 sunt.
1070 4101 1210 4163 Diuersa
1233 4111 1372 4183 possunt
1391 4101 1511 4178 uenire,
1532 4101 1592 4164 sed
1613 4121 1678 4163 non
1702 4101 1873 4163 contraria.
1924 4177 1925 4182 ἵ

755 4327 763 4355 ¹
781 4329 823 4377 lac
843 4328 874 4376 de
886 4329 910 4378 S.
925 4327 997 4385 Geo..
1009 4329 1059 4379 Ias.
1071 4328 1089 4378 1.
1103 4343 1124 4390 5.
1137 4329 1168 4378 de
1180 4337 1245 4393 pact.
1259 4329 1303 4392 (D.
1318 4343 1339 4380 π,
1354 4331 1407 4392 ι4);
1426 4329 1505 4396 Ceph.
1518 4345 1585 4380 cons.
1599 4345 1653 4393 304.

539 4475 541 4480 ,
602 4410 612 4439 ²
630 4413 710 4461 Cuslr.
722 4411 739 4460 l.
754 4426 775 4460 n.
788 4412 819 4461 de
830 4411 914 4461 iurisd.
927 4410 972 4474 (D.
989 4425 1010 4459 2.
1024 4413 1057 4472 1).
1333 4413 1343 4441 ³
1360 4412 1376 4460 l.
1389 4426 1412 4474 5.
1424 4414 1455 4462 de
1466 4413 1522 4462 inst.
1534 4420 1582 4462 act.
1596 4413 1642 4475 (D.
1657 4427 1693 4475 14.
1708 4413 1742 4473 3).

652 4493 660 4521 ⁴
678 4493 693 4543 l.
706 4493 751 4542 ulr.
762 4495 793 4543 de
805 4493 845 4544 oll.
857 4493 887 4542 ei.
900 4493 945 4554 (D.
960 4507 980 4543 1.
995 4495 1051 4555 r·);
1069 4492 1086 4542 l.
1101 4506 1121 4541 2.
1134 4492 1165 4541 de
1178 4492 1273 4549 iurisd.;
1292 4495 1370 4558 Ceph.
1384 4510 1452 4544 cons.
1465 4493 1529 4559 693;
1547 4495 1603 4544 Alc.
1615 4495 1638 4543 6.
1653 4508 1692 4556 5²·

524 4575 533 4605 ⁵
551 4576 612 4626 Dec.
625 4591 692 4625 cons.
707 4585 746 4638 77.
844 4575 854 4603 ⁶
870 4576 887 4624 l.
900 4591 939 4639 44
951 4578 982 4625 de
994 4577 1032 4625 ad.
1045 4592 1085 4642 po.
1098 4574 1144 4637 (D.
1158 4589 1197 4638 41.
1214 4579 1251 4636 ης
1269 4575 1325 4626 nlc.
1339 4592 1361 4638 5.
1374 4592 1441 4626 cons.
1456 4591 1494 4640 19.
1599 4576 1608 4604 ⁷
1626 4576 1695 4625 Seru.
1708 4576 1771 4625 Aen.
1786 4589 1823 4626 12.

604 4657 729 4708 'laede
742 4658 758 4707 1.
772 4673 795 4722 5.
808 4657 864 4706 Alc„
876 4658 893 4708 1.
908 4667 929 4720 7.
942 4659 971 4708 C.
983 4659 1014 4706 de
1026 4667 1101 4708 trans.
1114 4660 1148 4721 (2.
1161 4659 1198 4721 4).
1351 4658 1393 4706 ⁸1.
1407 4659 1490 4722 58.de
1502 4675 1597 4723 procur.
1612 4659 1657 4720 ll).
1671 4673 1693 4720 3.
1708 4659 1744 4720 3).

1088 4780 1186 4787 —..
