4522 5570
492 759 554 821 140
975 745 1177 800 Arsame!
1205 743 1406 799 usmarus

488 994 723 1058 auertendam:
748 991 874 1055 sedhic
890 990 937 1053 uti
953 1010 1019 1053 non
1035 986 1142 1071 possis
1151 986 1171 1052 ¹.
1217 987 1392 1070 Improbus
1405 986 1590 1070 Aryandes,
1607 985 1726 1050 Persae
1740 983 1892 1066 improbi,

490 1106 546 1188 qui
570 1105 683 1170 itidem
707 1103 795 1187 pacti
818 1102 995 1167 amicitiam
1019 1102 1124 1168 donec
1150 1111 1253 1166 staret
1274 1100 1330 1164 illa
1352 1109 1459 1164 terra:
1490 1098 1612 1162 {ossam
1639 1106 1739 1162 antea
1760 1097 1892 1173 laetam,

488 1226 522 1280 et
553 1225 640 1279 terra
665 1215 716 1278 cui
747 1214 942 1278 insistebant
967 1222 1100 1287 tectam,
1130 1219 1337 1295 aperuerunt,
1370 1231 1546 1294 suppressa
1575 1210 1724 1292 infraque
1753 1207 1892 1289 depulsa

487 1337 597 1391 terra:
629 1333 663 1389 et
686 1325 798 1407 itaque
821 1345 856 1388 se
879 1324 1033 1407 pactione
1052 1324 1207 1388 liberatos
1230 1323 1459 1400 uenditabant,
1475 1321 1531 1385 illa
1552 1330 1640 1384 terra
1661 1341 1726 1383 non
1751 1326 1860 1383 stante
1869 1316 1891 1381 2.

489 1437 535 1500 Et
553 1437 620 1500 tale
639 1435 870 1499 Perusinorum
889 1443 1126 1512 commentum,
1145 1434 1369 1516 improbatum
1388 1431 1689 1515 iurisconsultisque
1708 1430 1890 1494 Perusinis:

488 1557 525 1612 ut
543 1568 612 1630 pax
634 1566 741 1630 papae
765 1557 799 1611 et
818 1546 982 1610 Perusinis
1001 1554 1088 1610 esset
1106 1547 1212 1609 donec
1231 1544 1392 1608 haberent
1410 1545 1444 1607 in
1463 1563 1597 1625 corpore
1615 1544 1678 1608 ‘de
1696 1539 1782 1616 uite,’
1801 1541 1890 1626 quod

489 1656 688 1723 uocabulum
717 1657 832 1722 Italice
854 1666 890 1721 et
911 1657 997 1720 uitas
1020 1664 1054 1720 et
1084 1657 1169 1720 uites
1199 1654 1396 1738 significat³.
1442 1653 1589 1719 Perusini
1619 1663 1732 1717 autem
1758 1654 1800 1717 de
1823 1653 1891 1716 uite

489 1769 550 1834 sibi
589 1768 834 1844 intellexerunt,
868 1787 969 1849 quam
1002 1767 1035 1831 in
1069 1767 1141 1830 sinu
1180 1766 1345 1830 occultam
1375 1766 1543 1847 gerebant,
1574 1773 1608 1829 et
1637 1785 1738 1848 quam
1775 1772 1892 1846 postea

488 1880 686 1958 abiecerunt,
709 1889 743 1943 et
765 1879 878 1960 itaque
899 1877 1022 1941 habere
1045 1879 1078 1940 in
1102 1897 1237 1960 corpore
1260 1877 1447 1940 desierunt:
1474 1897 1514 1940 ac
1536 1875 1661 1940 bellum
1685 1895 1760 1940 curn
1783 1873 1892 1955 ponti·

490 1991 553 2056 fiee
582 1998 790 2069 renouarunt,
820 1989 878 2072 qui
908 1988 1013 2053 fidens
1043 1988 1176 2068 foederi,
1203 1988 1259 2051 ubi
1290 1989 1393 2054 uitam
1424 1987 1641 2066 intellexerat,
1674 1987 1795 2068 agebat
1825 1985 1891 2049 iam

488 2121 631 2166 securus.
692 2101 763 2165 Ista
791 2109 869 2164 sunt
900 2110 1090 2164 commenta
1119 2101 1205 2163 adeo
1235 2099 1352 2182 putida
1382 2109 1483 2182 atque
1512 2100 1652 2181 putrida,
1683 2107 1719 2161 ut
1749 2099 1783 2161 in
1812 2097 1891 2180 ipsis

489 2211 697 2277 recensendis
725 2231 764 2276 ac
788 2210 968 2276 refutandis
991 2230 1054 2292 ego
1077 2210 1180 2274 uideri
1203 2210 1324 2274 nimius
1346 2231 1477 2293 queam.
1538 2210 1695 2274 Refutaui
1717 2209 1782 2272 alia
1804 2207 1891 2272 alibi.
1939 2269 1949 2291 ,

491 2323 613 2388 Seculo
637 2321 701 2387 hoe
727 2331 840 2386 nostro
863 2322 1102 2404 exprobratum
1128 2321 1250 2385 scimus
1274 2319 1394 2384 Carolo
1421 2321 1537 2402 quinto
1564 2331 1597 2385 et
1623 2320 1796 2385 Ludouico
1823 2319 1891 2401 regi

492 2433 682 2509 Galliarum,
701 2434 791 2517 quod
815 2453 882 2497 non
906 2434 1116 2517 principibus,
1135 2434 1195 2497 sed
1219 2432 1357 2516 leguleis
1379 2433 1497 2515 dignas
1520 2433 1695 2497 uerborum
1718 2453 1756 2496 ac
1779 2441 1892 2515 pacto-

490 2567 564 2610 rum
587 2545 876 2628 interpretationes
898 2545 1051 2610 afferrent
1060 2544 1083 2610 4.
1130 2547 1207 2610 Non
1229 2544 1291 2609 hos
1312 2546 1408 2609 decet
1426 2541 1477 2629 (ut
1500 2545 1608 2608 dicam
1627 2543 1746 2608 iterum
1767 2545 1799 2607 in
1818 2543 1892 2622 fine,

490 2658 581 2740 quod
608 2657 680 2721 dixi
710 2657 744 2720 in
771 2657 931 2740 principio
960 2656 1057 2720 huius
1083 2653 1346 2742 disceptationis)
1373 2657 1416 2720 de
1445 2656 1522 2720 iuris
1551 2656 1700 2738 apicibus
1729 2655 1892 2720 contenti-

490 2789 572 2831 ones
595 2766 719 2831 inserre.
749 2775 881 2830 tantum
904 2767 1008 2840 abest,
1033 2777 1071 2831 ut
1084 2771 1249 2831 ‘exercere
1272 2769 1448 2830 uerborum
1471 2766 1677 2849 sophismata
1699 2767 1834 2849 possint,
1857 2775 1892 2830 et

490 2877 691 2942 subtilitates
717 2877 826 2940 sutiles
853 2877 1032 2940 consectari
1042 2877 1064 2941 ⁵.
1109 2877 1297 2958 Principum
1323 2885 1448 2941 statuta
1475 2898 1541 2941 non
1564 2887 1641 2941 sunt
1663 2898 1723 2960 per
1747 2887 1891 2941 astutam

491 2988 796 3071 interpretationem
817 2987 1070 3052 subuertenda0.
1114 2986 1260 3051 Astutae
1283 2997 1316 3052 et
1339 2989 1524 3053 malitiosae
1544 2989 1838 3071 interpretationes,
1858 2996 1892 3051 et

491 3098 722 3176 calumniosae,
744 3108 778 3162 et
802 3098 925 3161 uersuti
952 3097 1029 3160 iuris
1053 3098 1249 3180 praestigiae
1275 3099 1376 3162 etiam
1403 3102 1445 3163 de
1471 3101 1568 3162 rebus
1597 3101 1800 3182 priuatorum
1829 3098 1892 3162 tol-

491 3209 635 3274 luntur⁷.
690 3210 825 3292 Quanto
848 3209 948 3291 igitur
971 3210 1075 3292 magis
1097 3209 1168 3273 tolli
1191 3211 1234 3274 de
1257 3209 1396 3291 publicis
1419 3209 1564 3274 debent?
1619 3211 1658 3274 In
1685 3211 1892 3294 pactionibus

492 3319 729 3386 fauorabilibus
745 3329 779 3384 et
793 3320 902 3384 bonae
917 3320 1003 3399 fidei,
1013 3330 1211 3404 spernuntur
1225 3343 1340 3386 omnes
1355 3323 1465 3405 apices
1481 3322 1567 3403 iuris,
1582 3323 1638 3405 qui
1653 3324 1775 3387 bonam
1791 3323 1892 3387 fidem

492 3452 559 3496 non
578 3441 727 3516 tangunt,
744 3441 777 3496 et
793 3433 850 3516 qui
866 3454 925 3516 per
940 3433 1076 3496 nimiam
1094 3431 1314 3497 subtilitatem
1332 3443 1486 3498 euertunt
1508 3436 1631 3499 bonam
1654 3435 1890 3518 paciscentium

492 3541 625 3609 fidem⁸.
671 3543 836 3608 Remotae
865 3554 943 3608 sunt
972 3566 992 3608 a
1022 3544 1160 3609 ueritate
1186 3546 1363 3609 uerborum
1391 3547 1529 3611 insidiae
1539 3548 1561 3609 ⁹.
1607 3546 1694 3611 Cum
1724 3546 1757 3609 id
1787 3567 1891 3630 genus

492 3654 649 3739 plurimis.
695 3654 907 3739 Stratagema
929 3655 1028 3740 igitur
1050 3658 1238 3740 probamus.
1269 3668 1304 3722 at
1326 3658 1415 3724 aliud
1435 3667 1637 3741 stratagema
1655 3667 1714 3737 est,
1733 3657 1822 3722 aliud
1841 3668 1893 3724 est

492 3766 640 3849 perfidia.
686 3767 754 3831 Hic
775 3767 958 3833 timendam
978 3768 1111 3851 culpam
1134 3768 1281 3848 dicimus,
1301 3770 1401 3834 etiam
1424 3790 1527 3852 quum
1551 3790 1617 3833 non
1639 3779 1690 3834 est
1712 3768 1828 3851 eulpa:
1856 3779 1893 3833 ut

492 3880 539 3944 sic
557 3878 757 3944 conscientia
773 3880 936 3945 bonorum
954 3880 1098 3945 uirorum
1117 3892 1167 3946 est
1177 3879 1211 3947 ¹⁰.

592 4182 601 4211 ¹
618 4181 694 4234 Ouid.
707 4194 731 4244 3.
743 4181 811 4232 Fast.
824 4183 841 4232 l.
855 4196 916 4247 2953
934 4183 1012 4233 Macr.
1027 4198 1048 4235 1.
1060 4183 1112 4234 Sat.
1127 4193 1149 4247 7.
1270 4183 1280 4213 ²
1298 4183 1422 4235 Herodot.
1434 4184 1477 4234 lib.
1491 4200 1515 4247 4.
1528 4199 1547 4234 c.
1563 4198 1626 4239 2013
1642 4183 1760 4248 Polyaen.
1774 4194 1795 4248 7.

529 4265 628 4315 'Pont
639 4263 657 4314 l.
671 4278 693 4315 1.
704 4264 735 4313 de
746 4265 779 4315 U.
791 4264 824 4316 Ο.
836 4266 882 4328 (D.
894 4278 933 4328 45.
948 4267 981 4327 ι).
1066 4266 1167 4318 ‘Sleid
1184 4279 1228 4331 19;
1247 4267 1298 4316 Na:
1310 4268 1402 4328 Co.3;
1420 4266 1506 4317 Guicc.
1518 4283 1541 4332 5.
1610 4266 1877 4332 ‘Bal.5.cons.365.

939 4347 982 4396 ⁸1.
1033 4386 1039 4399 .
1076 4385 1081 4397 .
1196 4387 1202 4398 .
1249 4349 1274 4396 .'
1330 4384 1336 4397 .
1396 4385 1402 4398 .
1461 4386 1467 4399 .

653 4427 664 4457 ¹
679 4428 697 4480 l.
711 4442 732 4480 a.
746 4429 775 4480 C.
787 4429 818 4479 de
829 4429 888 4496 legi.
900 4433 935 4496 (r.
949 4347 1042 4494 rolli.
1051 4347 1482 4498 (2:8.d{.pd:eadarrglt.ul9r.ep)(ll.²p:.ll).
1495 4432 1527 4483 ad
1538 4449 1576 4483 ex.
1589 4434 1634 4498 (D.
1649 4447 1687 4485 ιο.
1697 4435 1734 4498 4).

561 4513 571 4542 ⁸
587 4511 650 4566 Dec.
663 4525 685 4575 3.
698 4528 766 4563 cons.
782 4525 837 4563 102.
968 4511 978 4542 ⁸
995 4512 1057 4562 Dec.
1070 4527 1093 4577 ³·
1107 4526 1176 4563 cons.
1188 4513 1235 4576 84;
1253 4512 1332 4580 Ceph.
1343 4514 1368 4566 d.
1382 4523 1438 4579 713.
1568 4515 1588 4547 ¹⁰
1604 4517 1661 4570 Alc.
1673 4517 1696 4567 8.
1707 4533 1776 4567 cons.
1791 4519 1829 4568 18.
