4522 5570
730 761 791 815 DE
820 761 924 816 runa
953 761 1089 833 BELLJ,
1117 762 1197 819 Lm.
1219 761 1262 832 rs,
1293 761 1382 816 cAP.
1410 760 1457 816 VJ.
1729 759 1790 826 147

389 1001 463 1063 nius
484 1001 656 1083 respondit
686 1002 904 1086 Uespasiano
928 1004 1073 1068 eundum
1095 1005 1233 1088 principi
1255 1004 1455 1087 probitatem
1478 1002 1625 1078 sectanti,
1647 999 1791 1082 primum

302 1179 303 1183 ,
388 1113 432 1176 ad
451 1113 613 1196 principes
635 1115 822 1198 improbos:
846 1118 889 1180 de
906 1137 1048 1200 quorum
1068 1118 1232 1200 exemplis
1255 1118 1396 1181 disceret
1418 1117 1572 1199 primum,
1591 1114 1669 1195 quid
1688 1131 1791 1194 agen-

388 1226 469 1287 dum
486 1245 553 1288 non
568 1235 655 1290 esset
664 1226 684 1292 ¹.
731 1228 919 1294 Secundam
935 1230 1097 1294 rationem
1113 1230 1250 1311 praebet
1265 1229 1429 1306 Lucanus,
1445 1227 1500 1290 ubi
1517 1228 1559 1290 de
1577 1224 1713 1302 Parthis,

632 1377 773 1456 ‘Spicula
794 1400 850 1441 nec
872 1382 935 1441 solo
957 1389 1097 1459 spargunt
1118 1381 1237 1440 fidentia
1258 1379 1333 1439 ferro

632 1489 639 1516 ‘
656 1483 790 1559 Stridula,
811 1488 864 1547 sed
884 1489 977 1547 multo
998 1497 1162 1547 saturantur
1182 1488 1239 1547 tela
1260 1504 1385 1546 ueneno.

630 1590 782 1652 ‘Uulnera
802 1611 893 1670 parua
913 1604 1031 1666 nocent,
1053 1593 1202 1671 latumque
1224 1594 1254 1652 in
1276 1592 1419 1668 sauguine
1441 1607 1557 1650 summo
1579 1585 1641 1647 est.⁸

632 1697 743 1758 ‘Nulla
763 1717 869 1759 manus
890 1700 953 1772 illis,
974 1700 1082 1760 fiducia
1102 1711 1163 1759 tota
1183 1700 1290 1759 ueneni
1311 1709 1355 1758 est
1363 1697 1392 1754 ²!

429 1844 531 1910 Ratio
557 1856 616 1926 est,
642 1868 699 1911 cur
725 1868 792 1911 non
818 1849 915 1914 liceat
942 1851 1076 1914 uenenis
1098 1852 1155 1929 uti,
1177 1852 1257 1934 quia
1278 1851 1384 1914 satum
1412 1849 1445 1913 in
1471 1847 1629 1930 sanguine
1656 1861 1787 1906 summo

385 1953 509 2021 habent
532 1969 566 2022 et
588 1960 789 2023 internecina
811 1969 896 2025 sunt.
928 1965 1088 2026 ‘mortem
1107 1962 1194 2025 illico
1216 1961 1359 2026 afferunt
1381 1961 1446 2025 leui
1469 1955 1599 2023 tactu2’
1622 1956 1665 2019 de
1687 1953 1787 2035 sagit-

384 2068 427 2130 tis
449 2071 620 2134 uenenatis
643 2071 766 2135 Plinius
776 2071 797 2137 ³.
852 2072 906 2136 Ita
928 2073 961 2135 in
983 2073 1078 2137 bellis
1101 2093 1167 2137 non
1190 2074 1399 2138 internecinis
1422 2073 1526 2134 iustus
1548 2071 1685 2132 istomm
1708 2085 1786 2127 usus

384 2198 457 2242 esse
481 2200 546 2243 non
570 2181 687 2246 ualeat.
744 2184 909 2247 Notemus
931 2186 1063 2248 tertiam
1086 2185 1270 2249 rationem:
1300 2186 1379 2267 quia
1402 2184 1449 2247 sic
1471 2198 1638 2245 armorum
1660 2175 1786 2241 tollitur

384 2291 563 2368 contentio,
586 2293 613 2354 si
636 2291 727 2356 nulla
754 2314 920 2358 armorum
944 2295 1064 2359 fiducia
1086 2296 1133 2358 sic
1157 2304 1215 2359 est.
1248 2304 1282 2358 et
1304 2295 1352 2358 ita
1374 2292 1499 2357 bellum
1522 2290 1656 2366 tollitur,
1678 2307 1785 2351 armo·

384 2419 456 2462 rum
472 2403 648 2468 contentio.
692 2404 857 2468 Notemus
872 2415 1025 2488 quartam
1041 2406 1084 2469 ab
1101 2405 1232 2483 Ouidio,
1249 2405 1304 2488 qui
1321 2406 1364 2468 de
1380 2403 1474 2468 Getis
1489 2422 1597 2484 saepe,

626 2555 710 2628 ‘Qui
731 2558 833 2616 mortis
854 2574 943 2616 saeuo
964 2557 1114 2634 geminent
1135 2567 1168 2618 ut
1187 2557 1308 2617 uulnere
1331 2575 1442 2630 causas

667 2660 800 2722 ‘Omnia
820 2662 938 2739 uipereo
961 2663 1072 2739 spicula
1092 2663 1158 2723 felle
1179 2663 1274 2722 linunt
1282 2663 1310 2722 ⁴.'

396 2801 399 2810 ¹
426 2816 472 2880 Et
487 2817 530 2881 de
544 2815 768 2900 Aethiopibus
784 2818 994 2899 Claudianus,

626 2955 828 3034 ‘Aethiopum
849 2957 996 3035 geminata
1016 2959 1138 3019 uenenis
1159 2960 1278 3020 uulnera
1287 2959 1315 3017 ⁸!

423 3111 470 3174 Et
501 3111 543 3175 de
570 3110 641 3188 illis,
665 3111 722 3194 qui
752 3123 867 3177 contra
889 3114 1133 3194 Alexandrum,
1156 3115 1246 3179 idem
1277 3113 1443 3179 Iustinus:
1483 3115 1636 3198 ‘gemino
1667 3115 1782 3178 mortis

379 3219 557 3298 ‘uulnere,'
587 3233 649 3287 etc.
705 3223 768 3287 Per
797 3225 958 3290 cruciatus
988 3227 1096 3291 necari
1126 3237 1266 3309 possunt
1297 3226 1449 3303 malefici,
1474 3229 1533 3291 sed
1565 3226 1685 3290 milites
1715 3246 1782 3290 non

378 3334 473 3399 iuste.
517 3334 631 3399 Etiam
650 3334 774 3399 Plinius
789 3337 923 3421 attingit
939 3337 1026 3403 hanc
1042 3339 1212 3418 rationem,
1228 3339 1308 3403 dum
1324 3340 1440 3422 inquit,
1457 3339 1562 3403 ‘ferro
1580 3339 1642 3421 ipsi
1661 3358 1781 3402 nocen-

377 3447 465 3509 ‘tius
491 3446 614 3529 aliquid
645 3447 764 3510 damus
775 3447 805 3512 ⁶.’
850 3447 918 3513 Sed
949 3451 1051 3515 recito
1081 3449 1137 3514 illa
1167 3451 1280 3515 omnia
1307 3450 1421 3514 Plinii:
1455 3450 1644 3533 dequibus
1672 3449 1780 3513 adhuc

376 3558 537 3622 habemus
556 3559 698 3621 rationes
716 3558 809 3637 duaS,
824 3563 831 3591 ‘
844 3558 966 3625 Genuit
982 3581 1110 3625 uenena
1127 3562 1245 3626 tellus:
1268 3563 1327 3625 sed
1343 3562 1417 3645 quis
1433 3562 1558 3625 inuenit
1576 3560 1633 3624 illa
1651 3569 1781 3643 praeter

375 3665 591 3731 ‘hominemi
644 3667 732 3733 Cum
755 3669 870 3732 arbore
892 3680 1057 3733 exacuant
1080 3671 1263 3752 limentque
1288 3692 1411 3735 cornua
1433 3670 1608 3754 elephanti,
1636 3679 1670 3735 et
1695 3690 1779 3733 saxo

375 3778 630 3856 ‘rhinocerotes
661 3789 695 3842 et
725 3788 865 3861 utroque
893 3782 964 3862 apri
994 3781 1144 3843 dentium
1177 3782 1283 3844 sicas:
1319 3783 1490 3864 sciantque
1519 3783 1562 3846 ad
1592 3782 1778 3845 nocendum

375 3889 563 3954 ‘animalia
598 3890 689 3972 quod
712 3900 825 3954 tamen
847 3911 961 3954 eorum
983 3889 1050 3954 tela
1072 3911 1139 3968 sua,
1163 3900 1307 3972 excepto
1331 3890 1474 3970 homine,
1496 3893 1631 3956 uenenis
1657 3888 1778 3971 tingit?

375 4002 471 4065 ‘Nos
496 4011 530 4066 et
553 4001 692 4084 sagittas
716 4001 878 4083 ungimus,
900 4011 935 4067 et
958 4001 1043 4066 ferro
1067 4001 1129 4084 ipsi
1153 4003 1326 4066 nocentius
1350 4003 1474 4084 aliquid
1499 4003 1623 4066 damus.
1658 4023 1719 4065 nos
1743 4011 1777 4064 et

375 4111 535 4175 ‘flumina
562 4111 732 4190 inficimus,
757 4121 791 4178 et
817 4133 925 4176 rerum
951 4120 1089 4176 naturae
1114 4111 1300 4178 elementa.’
1355 4113 1418 4178 Est
1440 4114 1523 4177 ratio
1544 4114 1668 4196 quinta,
1686 4114 1776 4195 quod

374 4243 436 4287 nec
453 4222 610 4287 animalia
631 4224 665 4287 id
688 4223 822 4289 faciunt.
867 4225 931 4290 Est
952 4235 1059 4305 sexta,
1073 4227 1164 4308 quod
1183 4225 1300 4291 iniuria
1318 4227 1377 4292 fiat
1395 4235 1531 4291 naturae
1552 4245 1669 4290 rerum.
1714 4224 1778 4289 Est

374 4335 482 4402 adhuc
504 4336 655 4419 septima,
674 4345 801 4417 octaua,
820 4357 908 4400 nona
929 4338 972 4401 ab
992 4337 1056 4400 illis
1075 4337 1174 4418 Flori,
1194 4338 1344 4416 ‘Mixtis,
1363 4339 1463 4418 nefas,
1482 4358 1609 4402 ueneno
1631 4337 1777 4402 sontibus

390 4523 398 4552 ¹
415 4523 531 4576 Philostr.
544 4537 568 4588 5.
642 4524 652 4554 ²
668 4525 729 4576 Luc.
739 4539 764 4590 4.
776 4525 803 4578 ll.
817 4539 872 4588 303,
887 4526 943 4589 388,
957 4527 980 4578 8.
991 4526 1009 4576 l.
1022 4540 1086 4590 3043
1104 4528 1175 4593 Virg.
1189 4542 1227 4578 12.
1238 4530 1303 4579 Aen.
1315 4529 1332 4578 1.
1344 4529 1399 4592 857.
1476 4527 1486 4557 ⁸
1504 4528 1568 4578 Plin.
1578 4527 1623 4579 lib.
1636 4541 1675 4577 11.
1687 4543 1709 4578 c.
1720 4543 1759 4593 pe.

534 4605 545 4634 ⁴
560 4605 636 4656 Ouid.
650 4619 671 4658 1.
683 4609 727 4658 Po.
741 4621 763 4656 n.
774 4606 792 4656 l.
807 4618 836 4672 ιγ
848 4614 874 4658 et
886 4621 909 4670 3.
923 4621 945 4657 r.
957 4608 975 4660 1.
988 4622 1027 4673 ²5·
1041 4623 1064 4673 3.
1076 4610 1120 4660 Tr.
1135 4624 1173 4661 10.
1185 4611 1202 4660 1.
1214 4611 1246 4676 64
1260 4619 1285 4662 et
1297 4631 1321 4673 4.
1335 4625 1356 4661 1.
1367 4611 1385 4660 l.
1401 4619 1430 4674 77
1442 4617 1467 4660 et
1479 4625 1502 4676 5.
1518 4620 1540 4673 7.
1550 4609 1567 4659 l.
1582 4609 1618 4659 16.

593 4689 708 4750 ‘Claud
723 4705 744 4740 r.
758 4689 837 4742 Stilic.
850 4704 872 4741 r.
883 4689 901 4742 l.
913 4704 970 4755 351.
1297 4693 1308 4723 ¹
1324 4693 1388 4743 Plio.
1403 4695 1440 4743 18.
1452 4708 1474 4743 c.
1489 4707 1510 4742 1.
1524 4705 1546 4776 ι..

1049 4874 1111 4928 Ua
