4534 5576
682 782 743 835 DE
772 781 875 835 IURE
905 781 1039 850 BELLI,
1071 783 1149 838 LIB.
1173 783 1215 851 Il,
1247 784 1333 838 CAP.
1364 785 1426 838 VII.
1692 791 1753 860 155

355 1039 388 1092 et
418 1031 655 1093 exercitatione
683 1029 726 1092 ad
747 1028 791 1092 'id
821 1028 941 1092 iactos·
957 1029 1036 1092 dicit
1063 1027 1255 1092 Plutarchus
1265 1028 1286 1092 ¹.
1331 1029 1445 1093 ‘Bello
1471 1039 1640 1093 armantur
1662 1030 1756 1111 equi:

353 1141 500 1204 ‘bellum
519 1140 600 1204 haec
619 1149 769 1204 armenta
788 1141 954 1202 minantur
963 1138 993 1202 ²3
1040 1140 1135 1203 Haec
1154 1139 1295 1203 duellica
1316 1141 1432 1222 proles.
1479 1140 1546 1205 Sed
1567 1150 1601 1204 et
1619 1140 1755 1204 canibus

355 1272 431 1314 usos
454 1252 563 1332 plures
586 1261 636 1314 est
659 1252 826 1327 traditum,
845 1259 878 1313 et
898 1271 1016 1314 canum
1035 1251 1233 1328 cohortibus,
1251 1262 1284 1314 et
1302 1251 1335 1313 in
1354 1253 1467 1334 primis
1484 1253 1636 1316 aciebus:
1661 1261 1694 1316 et
1713 1254 1756 1317 de

354 1363 488 1424 canibus
511 1363 669 1434 ducentis,
694 1362 750 1442 qui
777 1381 888 1443 regem
912 1361 1152 1426 Garamantum
1180 1362 1371 1426 reduxerint
1392 1363 1435 1426 ab
1458 1363 1584 1440 exsilio,
1607 1357 1756 1445 praeliati

355 1473 530 1535 aduersum
546 1472 730 1554 perduelles
740 1472 763 1534 ³:
788 1482 821 1535 et
840 1474 881 1536 de
897 1473 1052 1554 singulari
1068 1473 1249 1536 certamine
1264 1473 1506 1536 Perinthiorum
1525 1483 1559 1537 et
1577 1474 1756 1550 Paeonum,

355 1605 420 1647 non
445 1584 545 1647 modo
563 1585 623 1646 uiri
642 1593 676 1646 et
695 1583 763 1660 uiri,
783 1584 840 1646 sed
861 1592 893 1645 et
913 1584 989 1664 equi
1007 1593 1040 1646 et
1059 1585 1144 1665 equi,
1163 1593 1197 1647 et
1214 1586 1304 1647 canis
1323 1595 1356 1648 et
1375 1586 1464 1648 canis
1473 1582 1496 1647 ⁴.
1543 1585 1590 1647 M.
1610 1585 1755 1666 Pompo-

355 1696 427 1758 nius
450 1695 583 1773 Sardos,
602 1697 634 1757 in
653 1696 806 1759 saltuosis
828 1695 990 1777 specubus
1013 1696 1153 1774 abditos,
1172 1698 1308 1761 canibus
1330 1697 1493 1761 accersitis
1517 1697 1689 1778 sagacibus
1711 1713 1756 1758 ex

356 1808 462 1885 Italia,
488 1809 565 1871 inde
590 1808 694 1871 traxit
704 1808 726 1871 ὅ.
772 1807 862 1890 Quid
892 1805 943 1870 his
969 1807 1062 1872 fieret
1088 1808 1164 1871 ieris
1193 1807 1394 1875 latentibus?
1439 1807 1491 1870 At
1516 1807 1597 1871 illud
1625 1827 1756 1889 quoque

356 1922 516 1985 rationem
546 1918 655 1996 habet,
679 1920 768 2000 quod
801 1918 985 2001 Cambyses
1012 1920 1172 2001 praelium
1199 1921 1433 1984 commissurus
1463 1939 1538 1982 curn
1569 1918 1755 2000 Aegyptiis

355 2033 410 2113 qui
433 2049 531 2095 canes
554 2039 587 2092 et
610 2029 690 2093 feles
713 2029 745 2093 in
765 2031 827 2093 diis
848 2029 1025 2107 habebant,
1044 2030 1199 2094 animalia
1218 2030 1341 2095 isthaec
1364 2031 1479 2094 statuit
1500 2031 1532 2093 in
1552 2030 1658 2111 prima
1675 2029 1755 2103 acie,

355 2161 441 2225 quae
466 2141 628 2222 Aegyptii
656 2139 750 2203 ferire
777 2150 1009 2205 reuererentur.
1056 2140 1298 2224 Superstitione
1323 2140 1469 2205 hostium
1495 2140 1587 2205 abuti
1611 2160 1669 2208 cur
1691 2159 1757 2202 non

356 2253 461 2330 liceat,
478 2273 592 2316 caussa
611 2251 700 2314 nulla
717 2262 776 2314 est.
822 2250 879 2314 Sic
897 2255 1033 2333 captum
1049 2252 1082 2314 in
1098 2253 1202 2333 Epiro
1217 2253 1377 2335 oppidum
1393 2251 1661 2334 inexpugnabile,
1675 2250 1757 2312 dum

355 2364 421 2427 illic
444 2365 592 2446 proditor
610 2363 728 2445 mergit
748 2363 779 2425 in
798 2374 908 2444 puteo,
926 2363 983 2445 qui
1002 2384 1086 2426 unus
1104 2372 1222 2445 potum
1240 2363 1430 2446 praebebat,
1449 2383 1584 2427 canem:
1609 2371 1642 2426 et
1663 2381 1757 2445 prae·

356 2475 476 2537 sidiarii
508 2474 637 2552 milites,
664 2472 823 2537 Graeciae
849 2473 1071 2555 superstitioni
1097 2472 1230 2550 addicti,
1257 2474 1353 2537 citius
1380 2474 1562 2551 morituros,
1589 2491 1689 2561 quam
1715 2473 1757 2537 de

357 2587 581 2649 contaminata
603 2606 639 2648 se
657 2585 820 2649 bibituros
841 2605 936 2666 aqua,
955 2584 1193 2648 contenderent
1203 2583 1225 2648 ⁰.
1270 2584 1325 2649 Sic
1349 2584 1520 2668 Philippus
1540 2586 1758 2655 Macedoniae

358 2717 416 2759 rex
449 2697 570 2758 milites
598 2717 684 2771 suos,
707 2704 911 2777 pugnaturos
937 2704 1050 2759 contra
1078 2694 1272 2772 Phocenses,
1294 2695 1387 2759 lauro
1413 2705 1569 2774 coronat;
1603 2697 1694 2780 quod
1724 2696 1758 2760 hi

356 2808 518 2890 templum
545 2805 712 2889 Apollinis
742 2806 947 2888 spoliassent,
973 2815 1007 2869 et
1032 2806 1146 2888 itaque
1170 2805 1214 2870 ad
1243 2816 1412 2889 aspectum
1441 2807 1567 2872 frondis
1593 2808 1662 2872 eius
1694 2808 1758 2872 Dei

297 2915 301 2922 ’
357 2926 561 2982 terrerentur.
593 2919 681 2999 quod
705 2927 739 2980 et
762 2918 879 2980 euenit.
911 2936 988 2979 narn
1011 2926 1104 2998 terga
1123 2915 1210 2980 illico
1230 2917 1463 2982 obuerterunt:
1488 2927 1522 2982 et
1544 2917 1630 2983 caesi
1653 2918 1759 2983 incru-

357 3037 470 3092 entam
489 3029 558 3110 regi
574 3029 745 3092 uictoriam
764 3028 972 3091 tradiderunt
983 3052 999 3104 ;.
1014 3027 1231 3103 immemores,
1249 3028 1339 3110 quod
1358 3037 1434 3110 post
1452 3028 1532 3092 illud
1550 3030 1758 3096 latrocinium

356 3149 565 3222 superassent
589 3137 773 3203 Baeotios⁷.
818 3136 887 3202 Sed
910 3137 957 3201 sic
979 3137 1094 3219 religio
1117 3146 1235 3220 potest,
1251 3146 1288 3200 ut
1310 3147 1423 3202 teneat
1441 3139 1542 3203 etiam
1561 3140 1759 3223 superstitioss

358 3253 454 3336 Quae
478 3250 648 3316 Cardanus
657 3249 680 3315 ⁸.
733 3249 783 3314 At
806 3251 907 3314 etiam
930 3258 1051 3327 tauros,
1074 3249 1194 3327 leones,
1216 3270 1315 3332 apros
1337 3251 1371 3312 in
1394 3251 1480 3314 acies
1503 3251 1655 3315 inductos
1678 3251 1760 3333 legi-

358 3383 440 3426 mus.
495 3362 541 3426 Et
565 3364 611 3426 ita
641 3360 765 3425 bellurn
795 3380 854 3424 nec
885 3380 905 3423 a
930 3360 1048 3424 belluis
1077 3361 1187 3424 minus
1211 3381 1311 3443 quarn
1337 3382 1357 3425 a
1381 3361 1544 3425 duellibus
1573 3361 1762 3426 hominibus

357 3476 480 3539 habere
502 3483 561 3538 aut
585 3473 639 3550 rei,
659 3482 717 3536 aut
742 3473 884 3535 nominis
909 3473 1048 3535 uidetur.
1094 3471 1206 3554 Quare
1232 3481 1266 3535 et
1290 3471 1371 3535 haec
1397 3473 1531 3554 indigna
1555 3474 1632 3536 uiris
1656 3474 1760 3537 uideri

357 3587 478 3651 ualent.
525 3586 620 3649 Haec
643 3584 779 3648 militiae
799 3585 1018 3647 instrumenta
1036 3583 1199 3647 indecora.
1247 3583 1404 3647 Etiamne
1421 3595 1501 3667 apta
1515 3585 1613 3649 bruta
1627 3606 1757 3650 seruare

330 3747 332 3752 .
357 3699 436 3762 belli
452 3700 521 3761 iura
537 3699 571 3760 in
585 3717 713 3779 pueros,
728 3695 899 3771 foeminas,
914 3695 1087 3777 supplices,
1102 3692 1189 3757 alia?

520 3849 526 3873 ‘
551 3841 609 3902 Sed
630 3841 724 3900 facere
747 3840 777 3899 id
799 3850 942 3899 nontam
963 3835 1100 3897 uincendi
1122 3835 1359 3913 spemoluerunt,

520 3957 526 3982 ‘
549 3949 648 4022 Quam
669 3949 736 4007 dare
758 3949 839 4024 quod
861 3957 1012 4023 gemerent
1034 3946 1142 4016 hostes,
1164 3944 1277 4020 ipsique
1300 3945 1426 4020 perirent
1435 3945 1464 4010 ⁹,’

358 4099 421 4154 etc.
451 4090 540 4171 apud
570 4089 780 4152 Lucretium:
817 4088 873 4169 qui
903 4095 937 4149 et
963 4104 1137 4149 commune
1167 4083 1367 4166 foedumque
1398 4085 1522 4149 malum
1552 4087 1615 4152 hoc
1642 4089 1756 4172 inquit.

360 4200 406 4264 Et
421 4201 541 4264 iniuste
556 4202 654 4282 igitur
669 4197 734 4263 huc
749 4199 966 4262 adducuntur.

402 4313 456 4376 De
491 4313 591 4376 armis
624 4311 677 4375 hic
710 4309 885 4393 quaeritur,
914 4329 999 4392 quae
1030 4307 1183 4372 militaria
1211 4319 1413 4378 censeantur.
1469 4310 1556 4374 Ecce
1589 4313 1710 4376 etenim
1741 4335 1761 4377 a

358 4421 519 4505 principio
557 4423 699 4505 primurn
738 4440 837 4484 manu
873 4418 998 4482 bellare
1032 4419 1129 4495 nuda,
1158 4427 1193 4482 et
1230 4420 1394 4502 unguibus
1431 4429 1465 4483 et
1496 4416 1598 4506 (unde
1628 4442 1760 4505 pugnae

360 4616 451 4668 ¹Plut
465 4616 583 4681 aSymp.
596 4629 618 4679 5.
667 4615 974 4679 'Virg.3.Aen.l.540.
1027 4613 1101 4663 ³Pli.
1114 4615 1136 4663 8.
1148 4631 1169 4665 c.
1181 4629 1231 4678 4o;
1249 4615 1308 4665 Soli.
1322 4632 1343 4666 c.
1358 4633 1397 4680 ¹9·
1446 4618 1597 4668 *Herodot
1610 4618 1653 4667 lib.
1666 4633 1688 4680 5.
1702 4635 1724 4669 c.
1740 4633 1760 4668 r.

359 4699 447 4749 ⁶Zou.
459 4699 502 4748 lib.
516 4709 538 4762 7.
551 4715 572 4749 c.
586 4700 625 4748 18.
675 4697 816 4748 ‘Soanden
832 4711 854 4761 5.
905 4697 1001 4750 'Iusti
1013 4697 1056 4746 lib.
1069 4699 1092 4746 8.
1105 4713 1126 4748 c.
1141 4712 1162 4747 π.
1212 4699 1313 4749 ⁸Card.
1326 4715 1348 4763 3.
1360 4701 1391 4749 de
1403 4701 1461 4764 Sap.
1511 4700 1610 4750 'Luca
1624 4716 1646 4763 5.
1658 4701 1757 4764 ¹·1345·

1034 4885 1094 4934 X2
