4522 5570
740 751 799 804 DE
827 748 931 804 runa
960 747 1093 819 BELLJ,
1122 748 1201 804 rm.
1224 748 1266 819 ll,
1297 749 1385 804 cAP.
1405 748 1448 804 JJ.
1731 759 1792 824 133

396 1013 461 1055 non
478 993 573 1074 quasi
587 992 721 1056 bellum.
754 992 870 1073 Atque
885 993 948 1055 hoc
963 1001 1021 1069 est,
1037 993 1127 1073 quod
1142 991 1258 1055 secisse
1273 1011 1308 1054 se
1324 1012 1423 1074 saepe
1435 993 1547 1075 regina
1558 991 1702 1074 Angliae
1718 1010 1793 1054 cum

398 1102 550 1184 Hispano
561 1123 637 1184 rege
649 1105 694 1166 ait
707 1103 880 1185 publicatis
893 1103 1022 1165 litteris:
1040 1103 1120 1165 dum
1132 1102 1246 1165 uicinis
1259 1102 1369 1183 Belgis
1381 1103 1450 1166 siue
1460 1105 1614 1184 pecunias
1624 1103 1693 1166 siue
1702 1122 1796 1165 arma

396 1216 542 1296 suggerit
564 1223 679 1278 contra
703 1214 920 1296 Hispanicam
936 1214 1023 1277 uim:
1046 1223 1083 1276 ut
1098 1213 1210 1276 fecerit
1226 1222 1260 1276 et
1275 1214 1444 1277 certiorem
1461 1215 1557 1277 simul
1574 1235 1685 1296 regem
1701 1213 1794 1275 illum

396 1325 439 1387 de
453 1325 541 1387 sacto
557 1325 663 1388 isthoc
678 1346 737 1388 suo
752 1335 833 1402 tot0,
849 1335 882 1387 et
898 1324 975 1387 lacti
992 1325 1122 1387 caussis.
1169 1324 1214 1386 Et
1230 1344 1307 1405 ergo
1322 1323 1404 1387 haec
1419 1325 1466 1387 ita
1481 1325 1560 1387 mihi
1576 1325 1737 1386 uidentur.

440 1435 508 1500 Sed
533 1437 561 1498 si
583 1435 708 1499 bellum
733 1456 798 1499 non
823 1435 984 1512 indicitur,
1008 1455 1110 1517 quum
1138 1410 1236 1498 indici
1260 1445 1412 1516 oportet:
1445 1444 1517 1497 tum
1540 1435 1718 1516 proditorie
1741 1435 1795 1515 agi

396 1544 558 1610 dicitur¹:
586 1555 619 1608 et
642 1546 808 1624 iniustum,
832 1556 865 1609 et
888 1545 1093 1624 detestabile,
1117 1555 1150 1608 et
1173 1545 1410 1609 interneciuum
1434 1545 1557 1608 bellum
1580 1555 1650 1609 est:
1680 1545 1713 1607 id
1737 1554 1795 1621 est,

395 1658 485 1738 quod
505 1645 594 1720 nulla
612 1656 685 1738 lege
705 1657 793 1734 belli,
809 1659 867 1720 sed
890 1677 949 1739 pro
973 1657 1108 1721 libidine
1130 1641 1271 1738 geritur:
1297 1658 1382 1720 etin
1403 1678 1470 1739 quo
1492 1656 1604 1719 omnia
1625 1658 1695 1719 iura
1717 1655 1796 1719 belli

397 1769 515 1831 merito
551 1788 678 1831 cessare
715 1757 869 1831 uidentur
879 1766 899 1831 ².
940 1767 1038 1849 quale
1077 1787 1142 1830 non
1179 1767 1236 1829 diu
1273 1767 1392 1830 abhinc
1429 1777 1561 1848 gestum
1597 1788 1618 1830 a
1656 1766 1795 1830 Rhaetis

396 1899 472 1944 cum
497 1877 726 1941 Maximiliano
747 1879 944 1960 imperatore
968 1888 1173 1942 memorant:
1204 1886 1238 1941 et
1260 1887 1359 1941 antea
1380 1899 1401 1941 a
1424 1878 1563 1942 Uenetis
1585 1899 1661 1942 cum
1685 1877 1796 1942 Genu-

396 1990 551 2054 ensibus:
590 2000 623 2054 et
656 1989 735 2070 olim
767 2011 787 2052 a
818 1989 972 2053 Romano
1011 1990 1115 2053 milite
1152 1999 1266 2052 contra
1303 1989 1464 2067 Ausones,
1498 2010 1518 2052 a
1552 1989 1646 2071 Sylla
1683 1999 1797 2053 contra

398 2101 574 2179 Samnites,
596 2121 617 2163 a
639 2099 836 2164 Germanico
858 2101 960 2164 semel
983 2112 1096 2165 contra
1120 2100 1323 2165 Germanos:
1355 2110 1387 2163 et
1405 2101 1503 2183 quale
1524 2100 1585 2164 fuit
1603 2101 1693 2183 quod
1715 2103 1795 2166 Car-

397 2212 618 2295 thaginienses
636 2231 766 2294 gessere
788 2221 903 2276 contra
920 2212 1170 2295 stipendiarios:
1195 2221 1229 2275 et
1247 2212 1345 2293 quale
1363 2231 1438 2274 cum
1460 2212 1620 2275 Romanis
1636 2212 1697 2275 sibi
1715 2233 1796 2290 esse,

396 2322 544 2388 Annibal
568 2323 753 2404 denegabat
763 2321 783 2386 ³.
830 2323 1019 2404 Imperium,
1037 2322 1175 2404 gloriam
1198 2323 1334 2404 petebat
1354 2322 1510 2399 Annibal,
1532 2342 1598 2385 non
1620 2322 1796 2387 salutem4.

401 2436 477 2499 Hoc
501 2443 551 2498 est
577 2435 824 2511 internecinum,
846 2434 997 2516 capitale,
1019 2435 1207 2512 exitiosum,
1232 2435 1265 2496 in
1290 2455 1364 2515 quo,
1391 2454 1457 2496 non
1483 2436 1546 2496 utri
1571 2435 1713 2511 uincant,
1736 2436 1796 2497 sed

399 2547 463 2611 utri
489 2547 564 2620 sint,
588 2545 697 2628 agitur
706 2544 727 2607 ⁵.
782 2544 838 2609 Sic
868 2566 944 2609 cum
976 2545 1157 2624 Celtiberis,
1181 2565 1256 2608 cum
1284 2545 1427 2610 Cimbris
1452 2545 1585 2608 bellum.
1640 2545 1717 2609 Hoc
1747 2555 1797 2609 est

399 2658 522 2720 bellum
546 2657 792 2734 internecinum,
811 2657 902 2738 quod
927 2655 1096 2720 Israelitae
1116 2677 1229 2738 gerere
1252 2665 1367 2720 contra
1390 2656 1583 2720 Cananaeos
1609 2656 1796 2721 habebant:

400 2777 436 2832 ut
455 2769 501 2832 sie
519 2770 599 2832 dicit
617 2768 681 2830 illis
698 2770 741 2832 de
758 2769 810 2832 his
829 2768 931 2842 Deus,
951 2766 1117 2831 ‘Omnino
1136 2768 1349 2831 internecioni
1365 2768 1528 2831 deuouete
1546 2788 1613 2831 eos
1644 2788 1686 2831 ne
1701 2769 1798 2832 sinite

400 2881 534 2943 ‘uiuere
557 2879 660 2941 ullam
686 2879 800 2941 rem⁰.'
855 2878 923 2943 Sed
948 2879 1011 2942 hoc
1035 2888 1148 2942 tamen
1175 2879 1307 2956 iustum,
1330 2878 1420 2960 quod
1446 2879 1540 2942 iussit
1567 2879 1668 2942 Deus.
1725 2879 1798 2942 Imo

399 2991 442 3054 ad
467 2991 529 3052 ista
552 2990 658 3071 prima
683 2990 829 3053 solennia
854 2989 934 3052 mihi
958 2999 1061 3066 notes,
1085 2990 1366 3071 quemadmodum
1391 3008 1451 3052 nec
1475 2997 1553 3052 sunt
1576 2990 1697 3053 omissa
1721 3009 1797 3054 curn

399 3102 552 3184 gentibus
573 3100 636 3163 illis
655 3102 934 3166 exterminandis:
965 3111 1001 3164 ut
1024 3101 1166 3164 indicaui
1189 3101 1222 3162 in
1245 3120 1395 3163 sermone
1417 3101 1460 3164 de
1483 3101 1606 3163 caussis
1627 3100 1799 3166 bellorum.

400 3212 545 3276 Tantum
569 3213 663 3276 abest
686 3222 722 3276 ut
744 3212 877 3277 delendi
899 3211 1008 3276 ualeat
1030 3212 1183 3294 Pyrrhus,
1201 3212 1258 3293 qui
1281 3211 1553 3276 Lacedaemoniis
1574 3213 1800 3276 incusantibus

400 3323 525 3405 legatis,
550 3325 640 3406 quod
670 3343 737 3387 non
767 3325 891 3387 indicto
920 3324 1009 3406 prius
1039 3323 1126 3386 bello
1155 3343 1212 3386 eos
1241 3322 1385 3404 Pyrrhus
1414 3323 1595 3401 inuasisset,
1621 3324 1799 3406 respondit,

401 3454 506 3516 neque
519 3433 800 3498 Lacedaemonios
811 3427 1044 3516 praenunciare
1059 3434 1173 3498 solitos
1184 3433 1264 3511 aliis,
1275 3434 1365 3515 quod
1381 3432 1497 3496 facturi
1512 3443 1621 3498 essent
1631 3434 1654 3495 ⁷.
1683 3436 1800 3517 Iniqua

401 3545 588 3627 responsio:
615 3545 677 3608 nisi
695 3545 757 3608 hac
775 3546 845 3628 ipsa
864 3546 896 3606 in
915 3565 950 3608 re
972 3555 1087 3608 contra
1106 3546 1214 3627 ipsum
1234 3543 1397 3625 Pyrrhum
1420 3554 1613 3625 peccassent
1632 3545 1800 3610 Lacedae·

402 3657 511 3718 monii.
572 3655 639 3737 Qui
663 3657 751 3718 enim
777 3675 842 3719 non
870 3657 938 3718 iure
961 3657 1039 3736 agit,
1067 3656 1138 3736 ipse
1164 3674 1224 3717 nec
1248 3655 1403 3735 conqueri
1427 3655 1537 3732 debet,
1563 3657 1661 3720 sisic
1685 3678 1798 3721 secum

401 3769 510 3848 agitur
518 3764 540 3829 ⁸.
585 3766 723 3847 ‘Neque
746 3767 833 3828 enim
852 3765 909 3828 lex
927 3765 1043 3828 iustior
1060 3762 1127 3826 ulla
1145 3772 1203 3841 est,
1222 3783 1323 3844 quam
1341 3764 1430 3827 necis
1447 3765 1587 3829 artifices
1604 3775 1674 3830 arte
1693 3771 1799 3849 perire

403 3873 524 3940 ‘sua⁹.'
570 3874 665 3938 Haec
683 3896 814 3938 summa
831 3876 989 3956 aequitas,
1006 3884 1039 3938 et
1054 3875 1124 3938 sine
1142 3874 1333 3955 cuiusquam
1353 3873 1578 3955 indignatione
1593 3878 1698 3941 iusta:
1725 3881 1800 3961 quis

401 3987 490 4051 enim
512 3985 750 4067 aspernabitur,
771 3985 860 4048 idem
883 3984 952 4048 fieri
974 3985 1035 4048 sibi
1059 3986 1148 4065 quod
1171 3984 1244 4047 aliis
1266 3985 1336 4066 ipse
1359 3983 1466 4047 effecit
1475 3983 1522 4046 ¹⁰?
1567 3987 1613 4050 Et
1636 3997 1748 4052 tamen
1772 3991 1799 4052 si

401 4119 467 4162 non
493 4095 621 4179 Pyrrho
651 4097 697 4160 sic
722 4096 836 4175 fecere,
861 4096 980 4160 liberas
1008 4097 1050 4160 ad
1081 4116 1157 4159 eum
1183 4096 1283 4160 aedes
1310 4095 1494 4160 habuerint.
1549 4097 1801 4164 ADUERSARIO

662 4369 671 4400 ¹
687 4371 767 4436 Ceph.
779 4386 846 4420 cons.
860 4380 899 4433 57.
1119 4369 1129 4398 ¹
1146 4367 1202 4420 Ale.
1214 4370 1237 4421 8.
1249 4371 1318 4421 Pare.
1333 4373 1377 4428 183
1395 4371 1461 4420 Plut.
1473 4373 1537 4421 Peri.

465 4453 850 4518 ⁸Alceo.Pachy.9;Liu.9.
863 4453 986 4513 223Tac.
1001 4467 1022 4503 π.
1035 4454 1115 4510 Ann.;
1135 4452 1223 4516 Polyb.
1237 4465 1258 4503 1.
1326 4453 1734 4508 *Cielaetsaudeonrr
1836 4465 1839 4472 '

564 4537 574 4566 ⁵
591 4538 687 4587 Manui.
700 4536 763 4586 Phil.
775 4535 820 4586 ult.
946 4534 957 4564 ⁰
973 4535 1048 4586 Deut.
1062 4549 1100 4584 πο.
1225 4535 1235 4564 ⁷
1253 4537 1317 4586 Plut.
1329 4537 1413 4600 Pyrr.;
1430 4539 1545 4602 Polyaen.
1556 4540 1600 4590 lib.
1612 4540 1637 4589 6.

516 4619 593 4668 'Ale
607 4634 628 4682 5.
641 4635 707 4668 oons.
723 4633 777 4681 132.
844 4617 945 4667 ⁹Ouid.
959 4632 980 4667 1.
993 4619 1038 4667 Ar.
1051 4617 1206 4682 nm.1.656.
1272 4617 1324 4668 l⁰1.
1339 4634 1359 4670 1.
1372 4621 1541 4685 quodqui.iu
1556 4623 1601 4686 (D.
1614 4637 1636 4672 2.
1651 4626 1685 4684 a).
