4522 5570
747 699 807 751 DE
835 700 939 753 IURE
966 700 1099 768 BELLI,
1129 700 1255 768 LIB.I,
1288 701 1376 756 CAP.
1399 701 1464 757 XV.
1764 687 1806 768 65

407 931 598 994 ‘uniuersos
622 933 705 996 tueri
730 934 844 998 nolit:’
868 935 978 1008 scribit
1007 935 1133 999 Cicero
1180 936 1225 1000 Et
1250 936 1457 1012 Ambrosius,
1482 935 1575 998 ‘Lex
1603 941 1738 996 naturae
1763 931 1806 995 ad

406 1043 561 1106 ‘omnem
582 1063 641 1107 nos
660 1046 789 1128 stringit
808 1046 1010 1125 charitatem,
1026 1058 1063 1110 ut
1081 1047 1164 1111 alter
1182 1047 1284 1126 alteri,
1303 1059 1474 1130 tamquam
1494 1048 1589 1110 unius
1608 1054 1717 1128 partes
1736 1063 1808 1108 cor-

406 1155 517 1236 ‘poris
536 1155 763 1220 deferamus¹.’
807 1158 854 1221 Et
876 1159 922 1222 ita
945 1160 1044 1222 etiam
1070 1158 1202 1236 Baldus,
1220 1161 1309 1241 quod
1334 1160 1462 1236 nostris,
1481 1158 1716 1239 extraneisque
1739 1154 1807 1218 nati

406 1287 519 1330 sumus
538 1278 672 1350 propter
689 1268 856 1332 uinculum
875 1269 1075 1334 charitatis².
1129 1271 1213 1353 ‘Qui
1233 1270 1353 1333 ciuium
1373 1271 1532 1333 rationem
1552 1269 1666 1333 dicunt
1682 1267 1808 1330 haben-

407 1380 516 1456 ‘dam,
540 1390 751 1443 externorum
774 1391 905 1462 negant,
929 1382 1086 1445 dirimunt
1108 1383 1142 1446 hi
1166 1383 1440 1460 communionem,
1464 1389 1496 1444 et
1519 1379 1647 1462 generis
1671 1377 1807 1440 humani

406 1493 620 1554 ‘societatem
634 1488 656 1554 :’
686 1492 786 1556 etiam
811 1491 935 1557 Cicero
982 1493 1082 1576 Quod
1106 1504 1139 1557 et
1163 1493 1282 1570 retulit,
1304 1503 1338 1557 et
1361 1491 1557 1576 approbauit
1581 1489 1773 1553 Lactantius
1783 1487 1807 1547 ³.

407 1601 452 1664 Et
468 1603 556 1665 idem
574 1602 696 1682 Cicero,
713 1601 858 1686 ‘Spurca
873 1625 986 1667 eorum
1003 1606 1174 1684 sententia,
1190 1606 1245 1688 qui
1261 1605 1303 1668 ad
1320 1626 1355 1669 se
1371 1605 1482 1668 omnia
1498 1603 1640 1667 referunt
1649 1599 1681 1664 ¹?
1719 1597 1807 1664 Sane

405 1734 531 1794 spurca.
577 1714 666 1777 Nam
693 1715 840 1778 societati
866 1716 967 1779 homo
994 1726 1089 1780 natus
1100 1716 1121 1780 ⁵.
1168 1717 1214 1780 Et
1237 1719 1306 1780 eius
1329 1717 1471 1780 officium
1495 1715 1606 1777 iuuare
1629 1711 1719 1788 aiios
1741 1730 1808 1773 non

407 1826 467 1888 sibi
494 1825 554 1888 soli
582 1826 693 1888 uiuere
703 1826 724 1890 ⁰.
778 1826 893 1909 Atque
920 1827 1053 1890 nomine
1079 1827 1142 1892 hoc
1169 1827 1384 1910 philosophos
1411 1825 1653 1891 condemnabat
1682 1820 1807 1899 Cicer0,
1883 1895 1885 1901 y

406 1937 497 2019 quod
515 1937 594 2000 dum
618 1937 722 2000 altero
745 1938 921 2001 iniustitiae
943 1959 1064 2020 genere
1084 1949 1248 2017 uacarent,
1266 1950 1367 2020 atque
1392 1938 1575 2001 maximam
1598 1934 1732 2016 quidem
1756 1927 1807 2016 (ut

406 2046 489 2111 alius
510 2049 622 2112 scribit
644 2049 692 2111 uir
713 2051 855 2112 sanctior
863 2045 890 2134 ⁷)
906 2058 1033 2131 partem
1057 2049 1231 2132 aequitatis
1253 2048 1436 2132 implerant,
1456 2069 1497 2111 ne
1520 2047 1570 2111 cui
1594 2052 1757 2119 nocerent,
1773 2043 1807 2104 in

406 2158 546 2223 alterum
568 2161 775 2239 incurrerent,
793 2161 882 2241 quod
907 2161 1094 2224 desererent
1116 2161 1204 2224 uitae
1227 2161 1428 2224 societatem.
1456 2161 1644 2223 desererent
1664 2155 1806 2219 iustitiae

406 2281 535 2353 partem
557 2270 705 2348 alteram,
723 2273 878 2354 prodesse
901 2293 977 2335 cum
1000 2273 1116 2354 possis
1162 2272 1302 2335 ‘Nonne
1324 2272 1425 2348 uides,
1441 2290 1577 2353 operum
1601 2269 1658 2351 qui
1680 2287 1715 2330 se
1733 2264 1807 2348 pul-

407 2381 609 2471 ‘cherrimus
628 2385 698 2464 ipse
717 2383 860 2445 mundus
882 2403 994 2446 amore
1019 2380 1158 2465 ligat⁸?'
1203 2381 1278 2445 Iure
1298 2382 1439 2446 naturali
1457 2392 1608 2445 tenemur
1626 2377 1685 2464 (sic
1708 2379 1807 2440 inter-

407 2504 515 2576 pretes
542 2492 633 2580 iuris)
661 2493 755 2571 ultr0,
779 2495 926 2576 citroque
953 2495 1119 2558 commodi
1147 2495 1248 2558 esset
1293 2494 1339 2557 Et
1362 2495 1461 2557 iidem
1486 2492 1629 2570 tradunt,
1651 2491 1807 2573 aequipa-

406 2615 511 2668 ratam
539 2605 764 2669 defensionem
792 2625 991 2687 suorumque
1017 2615 1051 2668 et
1080 2615 1322 2683 extraneorum,
1345 2606 1491 2668 maxime
1518 2623 1596 2667 uero
1622 2602 1804 2666 sociorum:

405 2737 427 2779 a
457 2717 575 2798 quibus
610 2716 832 2799 propulsanda
866 2716 982 2779 iniuria
1011 2725 1070 2780 est.
1109 2727 1142 2780 et
1183 2716 1406 2781 defensionem
1442 2717 1540 2779 istam
1570 2714 1672 2779 diuini
1705 2722 1806 2794 atque

406 2826 541 2891 humani
563 2829 640 2892 iuris
655 2849 725 2892 esse
735 2827 769 2892 ¹⁰.
815 2828 860 2890 Et
883 2827 978 2890 Plato
1001 2828 1203 2910 puniendum
1228 2840 1339 2907 censet
1362 2849 1447 2909 eum,
1462 2829 1517 2911 qui
1537 2829 1605 2891 uim
1623 2826 1716 2891 alteri
1736 2824 1806 2888 illa-

406 2948 476 3002 tam
495 2959 561 3002 non
579 2939 750 3022 propulsat
760 2938 792 3004 ¹¹.
838 2939 937 3024 Quod
954 2950 1063 3004 autem
1082 2939 1186 3019 Plato,
1202 2951 1235 3004 et
1253 2940 1299 3004 illi
1317 2941 1509 3025 interpretes
1524 2941 1558 3003 in
1577 2939 1712 3022 priuatis
1728 2937 1806 3002 ciui-

406 3051 469 3113 bus
487 3051 588 3126 aiunt,
605 3052 639 3116 id
660 3072 720 3114 nos
741 3051 783 3114 ad
805 3051 968 3133 principes
991 3050 1198 3133 populosque
1217 3053 1368 3115 ducimus
1395 3053 1507 3134 probe.
1538 3051 1693 3133 quoniam
1719 3069 1806 3131 quae

407 3163 489 3225 ratio
508 3163 627 3244 priuati
646 3163 726 3226 ciuis
746 3163 779 3225 in
802 3164 931 3246 priuata
950 3163 1083 3226 ciuitate
1103 3171 1161 3236 est,
1179 3164 1295 3226 eadem
1314 3165 1347 3226 in
1366 3163 1499 3246 publica
1522 3173 1555 3227 et
1574 3163 1725 3226 uniuersa
1742 3159 1805 3223 hac

407 3273 494 3336 orbis
513 3275 646 3337 ciuitate
667 3273 789 3357 publici
807 3275 896 3350 ciuis,
913 3273 976 3338 hoc
995 3284 1045 3338 est
1067 3274 1229 3357 principis,
1247 3283 1279 3336 et
1298 3273 1413 3357 populi
1435 3275 1589 3357 principis
1608 3283 1666 3338 est.
1712 3273 1806 3338 Sicut

407 3382 561 3448 sehabet
580 3385 726 3466 priuatus
742 3386 784 3449 ad
801 3385 976 3467 priuatum,
994 3386 1040 3448 ita
1056 3386 1206 3467 princeps
1224 3384 1267 3448 ad
1287 3385 1486 3467 principem:
1510 3386 1617 3468 inquit
1637 3382 1806 3448 Baidus12.

407 3495 543 3558 ‘Homo
562 3496 686 3560 homini
707 3497 738 3559 in
758 3497 882 3560 maiore
900 3497 1035 3560 ciuitate
1054 3496 1134 3559 ciuis
1153 3506 1222 3561 est:
1246 3505 1280 3561 et
1299 3497 1330 3559 in
1350 3497 1549 3560 adiutorium
1568 3506 1719 3560 mutuum
1738 3516 1807 3559 cre-

407 3610 414 3638 ‘
429 3614 503 3670 atus
515 3605 538 3670 ε’
552 3608 599 3671 ait
616 3607 743 3672 Seneca
754 3605 788 3668 ¹³.
833 3607 950 3689 Atque
965 3607 1043 3690 quia
1058 3628 1159 3670 unum
1176 3627 1289 3670 sumus
1304 3629 1431 3691 corpus,
1446 3609 1473 3672 si
1489 3610 1674 3672 membrum
1691 3628 1808 3672 nocere

408 3717 557 3780 membro
580 3717 669 3796 uelit,
692 3728 728 3782 ut
751 3719 815 3781 alia
838 3719 1034 3783 adiuuarent
1057 3716 1193 3795 laesum,
1216 3720 1373 3800 quoniam
1400 3719 1529 3801 singula
1552 3720 1683 3798 seruari,
1706 3719 1807 3782 totius

406 3828 551 3905 interest,
570 3831 669 3892 etiam
689 3827 870 3892 laedentis:
901 3831 947 3892 ita
966 3828 1117 3893 homines
1135 3829 1325 3893 hominibus
1343 3831 1482 3893 aderunt
1500 3829 1634 3909 auxilio,
1653 3849 1730 3892 nam
1748 3831 1807 3893 ad-

406 3939 528 4001 seruari
565 3941 713 4014 societas,
746 3940 807 4002 nisi
837 3960 949 4003 amore
976 3950 1009 4003 et
1036 3941 1186 4003 custodia
1216 3941 1359 4022 partium
1391 3942 1515 4023 nequit.
1571 3940 1805 4023 Uespasianus,

437 4233 619 4367 ⁴}Amb2,³,'
631 4233 662 4283 oe
674 4233 722 4284 off.
736 4248 758 4296 3.
809 4315 818 4345 ὅ
835 4315 859 4363 Α
874 4315 904 4365 't
923 4234 933 4262 ²
950 4235 1006 4366 qui
1017 4235 1047 4284 e.
1058 4234 1089 4284 de
1101 4235 1199 4366 ppapo.
1211 4235 1264 4298 (11.
1278 4236 1329 4298 74).
1469 4318 1479 4347 ο
1497 4237 1596 4369 kapp.
1607 4236 1631 4286 6.
1644 4239 1705 4370 uqi.
1717 4237 1741 4289 o.
1770 4213 1775 4226 '

512 4330 657 4366 ...a
860 4331 1093 4374 n....;
1169 4331 1310 4367 .0..
1548 4355 1774 4371 .....

487 4331 510 4366 ¹⁰
532 4325 545 4426 Ξ
563 4398 634 4448 Hier.
646 4415 685 4463 ep.
700 4413 738 4462 14.
882 4332 895 4429 ε’
913 4331 1001 4448 Cllauii
1013 4331 1208 4464 4ic90ns.sH01i.
1223 4328 1301 4464 {82¹²
1427 4400 1436 4430 ¹
1453 4401 1526 4452 Rom.
1539 4327 1675 4466 conscisio.
1695 4327 1731 4370 ⁸¹¹
1750 4337 1766 4385 4

569 4478 588 4510 ¹⁰
604 4480 667 4531 Dec.
680 4497 747 4531 cons.
760 4479 809 4544 469
821 4488 888 4538 not.;
906 4480 922 4530 l.
936 4495 958 4545 3.
970 4482 987 4533 i.
1002 4498 1024 4547 5.
1037 4482 1068 4532 de
1080 4482 1137 4532 iust.
1150 4483 1196 4547 (D.
1210 4496 1230 4532 1.
1245 4485 1279 4545 ι).
1406 4482 1422 4512 ¹¹
1440 4483 1494 4533 Pla.
1506 4500 1530 4550 9.
1541 4486 1573 4534 de
1585 4487 1644 4551 Leg.

734 4563 752 4591 ¹¹
769 4561 822 4613 Bal.
837 4577 858 4614 a.
871 4579 938 4614 cons.
954 4578 1008 4631 195.
1218 4564 1238 4594 ¹⁸
1252 4565 1308 4615 Seu.
1323 4581 1344 4615 1.
1355 4565 1386 4616 de
1398 4567 1443 4616 Ira.
1457 4581 1480 4630 5.

1603 4746 1806 4759 ——-.
