4522 5570
469 661 511 723 90
956 655 1158 709 ALBERICI
1186 644 1387 709 GENTJLJS

468 897 475 926 ‘
492 894 640 974 uelimus,
656 915 697 958 ne
715 897 749 959 in
768 897 801 962 id
821 898 1012 962 incidamus
1042 920 1120 981 pax,
1136 900 1163 962 si
1186 901 1279 977 iusta,
1296 921 1335 964 ea
1357 899 1584 983 pulcherrima.
1615 897 1696 962 alias
1720 897 1799 962 nihil
1822 899 1871 960 in·

467 1009 572 1071 ‘iuste
591 1007 786 1088 laciendum,
806 1009 886 1072 nihil
904 1013 1043 1093 turpiter
1060 997 1264 1094 patiendum,
1280 1022 1317 1076 ut
1335 1032 1453 1095 pacem
1470 1010 1595 1074 habeas
1606 1009 1636 1075 ¹.'
1681 1011 1726 1073 Et
1745 1011 1788 1074 de
1806 1010 1869 1072 leui

468 1121 515 1182 sic
534 1141 649 1184 caussa
664 1131 742 1183 ante
761 1121 860 1184 etiam
879 1122 1030 1186 indicaui.

515 1231 723 1295 Contrarium
749 1240 860 1295 autem
887 1232 938 1295 his
961 1242 1105 1307 nonest,
1129 1235 1219 1316 quod
1242 1234 1329 1297 bella
1352 1233 1465 1311 multa,
1488 1254 1587 1316 saepe
1609 1241 1643 1296 et
1666 1233 1698 1295 in
1722 1232 1871 1310 exitium,

468 1340 511 1402 ob
539 1342 720 1405 leuissimas
748 1364 864 1406 causas
888 1344 1026 1408 fuerint:
1057 1355 1093 1408 ut
1116 1345 1180 1408 hoc
1210 1345 1266 1408 alii
1286 1345 1504 1408 obseruarunt
1514 1343 1537 1407 ².
1583 1345 1671 1407 Nam
1696 1343 1783 1406 lacta
1808 1362 1870 1405 nos

469 1475 534 1516 non
564 1457 761 1537 quaerimuS,
785 1466 842 1521 aut
874 1479 917 1520 ex
948 1457 1042 1521 factis
1073 1459 1122 1520 ius
1152 1458 1401 1521 constituimus:
1439 1458 1496 1521 sed
1528 1477 1572 1520 ex
1605 1457 1673 1518 iure
1700 1455 1871 1518 examina·
1965 1475 1970 1484 ·

469 1585 542 1627 mus
572 1566 668 1645 iacta,
696 1575 729 1630 et
759 1568 917 1632 faciendis
947 1568 1217 1650 praeiudicamus.
1274 1569 1393 1649 Neque
1424 1567 1584 1650 Uirgilius
1614 1563 1717 1652 (quod
1747 1575 1872 1629 temere

468 1678 501 1739 in
529 1697 567 1740 eo
593 1677 837 1760 reprehendunt
867 1678 1110 1766 grammatici³)
1136 1679 1214 1743 belli
1239 1680 1467 1758 Troianorum,
1490 1689 1524 1742 et
1555 1679 1750 1742 Latinorum
1777 1697 1870 1741 caus-

468 1810 539 1851 sam
567 1789 645 1853 facit
672 1793 758 1854 cerui
786 1794 931 1856 caedem.
986 1792 1032 1855 Et
1062 1792 1088 1855 si
1112 1791 1233 1855 laceret
1263 1800 1384 1870 tamen,
1409 1811 1475 1853 non
1505 1790 1797 1854 insolentissimum
1821 1785 1872 1874 (ut

469 1897 577 1985 audis)
600 1902 730 1967 laceret.
787 1903 914 1966 Primos
940 1903 1017 1966 belli
1045 1913 1156 1967 motus
1186 1925 1229 1966 ex
1257 1923 1297 1966 eo
1323 1903 1496 1980 excitatos
1518 1901 1566 1965 ait
1597 1901 1745 1983 Scaliger
1767 1921 1872 1982 prope

468 2012 512 2073 ad
555 2032 664 2075 meam
708 2016 917 2078 sententiam.
985 2014 1174 2077 Minturnus
1215 2014 1269 2091 ita,
1311 2012 1470 2076 ‘Uenatu
1510 2011 1647 2075 Ascanii
1688 2012 1871 2075 excitatum

471 2123 541 2186 ‘sic
579 2124 710 2203 bellum,
745 2128 866 2189 nemini
905 2147 970 2190 non
1009 2123 1206 2209 probatur⁴.'
1267 2125 1407 2189 Occasio
1441 2124 1573 2197 scilicet,
1607 2133 1641 2187 et
1675 2123 1871 2206 principium

468 2233 547 2297 belli
580 2234 653 2313 illic,
687 2256 752 2299 non
784 2258 891 2301 causa.
952 2237 1001 2302 Ut
1034 2238 1149 2301 itidem
1180 2257 1295 2301 ceruus
1324 2236 1402 2300 facit
1436 2234 1598 2317 proelium
1629 2236 1755 2298 conseri
1785 2237 1871 2297 inter

470 2345 647 2409 Lucullum
667 2357 700 2412 et
724 2348 961 2427 Mithridatem,
984 2348 1036 2412 uel
1061 2350 1210 2413 nolentes
1220 2349 1242 2413 ⁶.
1289 2347 1344 2412 Sic
1368 2368 1470 2430 equus
1493 2347 1672 2428 aliquando
1695 2366 1788 2424 unus
1810 2355 1869 2410 aut

469 2458 551 2522 leuis
574 2461 717 2524 lixarum
741 2464 812 2526 rixa
835 2462 972 2526 attrahit
994 2462 1156 2544 proelium
1181 2463 1312 2524 iustum.
1358 2460 1405 2524 Et
1427 2460 1473 2523 sic
1497 2469 1533 2522 ut
1556 2459 1692 2522 Tacitus
1718 2457 1871 2540 loquitur,

469 2570 688 2636 ‘Discordiae
711 2583 806 2654 raptu
825 2574 956 2656 frugum
980 2583 1013 2636 et
1036 2593 1192 2655 pecorum
1216 2573 1300 2635 inter
1318 2579 1474 2654 agresteS,
1490 2571 1555 2633 iarn
1578 2590 1637 2652 per
1656 2590 1748 2633 arma
1770 2580 1872 2651 atque

473 2683 584 2745 ‘acies
615 2684 895 2748 exercebantur⁶.’
947 2683 1094 2748 Caussae
1123 2706 1143 2747 a
1173 2684 1339 2766 principiis
1374 2692 1451 2747 sunt
1480 2683 1741 2764 distinguendae.
1782 2682 1872 2763 quod

471 2812 590 2857 causae
608 2795 641 2856 in
661 2795 757 2858 rebus
774 2797 900 2877 primae
915 2806 1010 2859 sunt:
1035 2796 1193 2878 principia
1209 2796 1325 2860 ultima
1344 2815 1540 2860 caussarum.
1571 2795 1731 2877 principia
1747 2795 1872 2877 primae

470 2904 642 2968 hominurn
666 2907 812 2970 actiones
836 2907 868 2970 in
892 2908 996 2985 rebuS,
1012 2929 1096 2989 quae
1119 2907 1291 2985 iudicatae,
1309 2917 1411 2989 atque
1429 2906 1630 2970 deliberatae
1653 2916 1749 2970 sunt:
1778 2926 1873 2970 caus-

472 3035 537 3094 sae,
553 3037 637 3098 quae
661 3018 827 3094 iudicium,
844 3019 1182 3101 deliberationemque
1204 3019 1416 3101 praecedunt,
1431 3039 1581 3101 quaeque
1603 3019 1756 3096 efficiunt,
1772 3027 1808 3081 ut
1827 3019 1874 3081 ita

471 3130 662 3194 iudicemus,
720 3130 769 3195 Ut
793 3133 838 3194 ita
861 3131 904 3193 de
926 3131 1050 3194 caussis
1073 3141 1106 3194 et
1133 3130 1299 3213 principiis
1325 3131 1487 3194 bellorum
1510 3129 1700 3212 Polybiusl.
1757 3130 1802 3194 Et
1826 3131 1873 3195 sic

472 3240 631 3322 Uirgilius
654 3242 697 3304 de
720 3241 776 3304 illo
800 3262 906 3320 ceru0‚
928 3242 1077 3324 ‘primae
1100 3243 1235 3305 exordia
1260 3263 1390 3324 pugnae
1400 3239 1431 3306 ⁸.'
1477 3242 1530 3305 De
1553 3242 1675 3305 caussis
1697 3241 1775 3305 belli
1793 3253 1873 3307 ante

473 3362 702 3433 praecesserat,
720 3363 778 3416 aut
801 3354 844 3416 de
866 3374 982 3418 caussa
1006 3354 1125 3436 potius,
1144 3353 1304 3417 Lauiniae
1326 3353 1456 3437 nuptiis,
1473 3363 1608 3435 propter
1624 3375 1706 3437 quas
1728 3353 1816 3434 Juno
1839 3364 1873 3418 et

473 3462 596 3526 Alecto
615 3473 750 3527 mouent
767 3464 935 3543 Amatam,
951 3475 984 3528 et
999 3463 1159 3544 Turnum,
1176 3476 1210 3530 et
1226 3465 1360 3528 bellum.
1406 3464 1494 3529 Ecce
1511 3475 1600 3543 ante,
1616 3464 1745 3528 ‘Arma
1758 3485 1872 3530 amens

473 3574 622 3639 ‘fremit:
647 3594 738 3638 arma
761 3576 865 3650 thoro,
882 3577 1043 3658 tectisque
1067 3577 1219 3659 requirit:
1245 3574 1359 3640 Saeuit
1377 3596 1471 3640 amor
1485 3575 1571 3654 ferri,
1588 3585 1621 3640 et
1644 3578 1801 3641 scelerata
1824 3579 1873 3641 in-

472 3688 587 3751 ‘sania
608 3685 707 3752 belli.’
759 3688 868 3769 ‘Ergo
891 3689 952 3752 iter
974 3690 1017 3752 ad
1040 3709 1158 3771 regern,
1179 3689 1306 3772 polluta
1328 3709 1418 3772 pace,
1439 3688 1598 3753 Latinum
1621 3688 1735 3752 indicit
1758 3691 1871 3770 primis

473 3801 659 3878 ‘iuuenum
679 3809 713 3863 et
735 3800 825 3864 iubet
847 3822 939 3864 arma
962 3803 1076 3883 parari,
1096 3803 1195 3866 tutari
1220 3802 1360 3879 Italiam,
1380 3802 1556 3865 detrudere
1576 3799 1698 3864 finibus
1719 3800 1869 3865 hostem?

475 3911 521 3976 Et
549 3912 625 3976 hinc
656 3932 788 3994 quoque
818 3915 937 3977 rectius
968 3915 1096 3978 dicetur
1124 3915 1320 3997 principium
1343 3913 1429 3992 belli,
1447 3914 1579 3995 quando
1606 3914 1712 3996 prima
1733 3913 1791 3977 illa
1812 3933 1873 3996 pro

475 4025 577 4087 caede
606 4024 694 4088 cerui
724 4033 835 4088 secuta
863 4046 974 4108 pugna
1004 4035 1063 4090 est.
1107 4025 1200 4088 Audi
1227 4036 1339 4089 tamen
1370 4027 1412 4088 de
1442 4044 1565 4102 caussa,
1589 4025 1750 4089 ‘Lauinia
1779 4027 1872 4109 uirgo

473 4139 481 4168 ‘
497 4155 612 4198 caussa
629 4135 708 4198 mali
724 4138 808 4200 tanti
818 4135 834 4201 .’
880 4136 935 4201 Sic
951 4138 1090 4214 oracula,
1107 4138 1153 4200 sic
1170 4147 1325 4216 monstra,
1341 4138 1386 4201 sic
1402 4139 1522 4216 omnia,
1538 4137 1584 4200 sic
1600 4156 1753 4219 suprema
1767 4136 1872 4201 Turni

473 4268 550 4325 uox,
570 4247 663 4311 ‘Tua
682 4257 733 4310 est
751 4247 890 4310 Lauinia
909 4248 1040 4311 coniux.
1087 4246 1235 4311 Ulterius
1255 4269 1296 4310 ne
1311 4251 1412 4312 tende
1428 4246 1553 4312 odiis⁰.'
1599 4247 1667 4312 Sed
1683 4251 1750 4312 iam
1766 4249 1871 4313 multa

595 4439 602 4468 ¹
620 4439 708 4501 Polyb.
719 4438 764 4487 lib.
777 4453 801 4500 4.
813 4453 833 4487 c.
847 4451 885 4498 31.
1057 4436 1067 4465 ²
1084 4435 1146 4486 Bod.
1158 4453 1181 4498 a
1192 4437 1223 4485 de
1236 4437 1297 4501 Rep.
1311 4448 1332 4501 7.
1503 4439 1512 4468 ³
1529 4441 1595 4489 Mae.
1609 4453 1633 4502 5.
1646 4439 1697 4491 Sat.
1712 4451 1750 4504 17.

621 4520 630 4549 ⁴
647 4521 711 4572 Scal.
725 4535 747 4583 3.
759 4521 818 4569 Poe.
831 4535 862 4584 93
881 4519 955 4568 Mint.
969 4519 1029 4568 Poe.
1159 4518 1169 4547 ⁶
1186 4519 1241 4569 Plu.
1254 4519 1315 4568 Luc.
1331 4535 1367 4583 ¹5·
1381 4529 1402 4582 7.
1526 4521 1536 4549 ⁶
1553 4521 1613 4571 Tac.
1624 4539 1647 4585 4.
1661 4522 1730 4572 Hist.
1750 4581 1751 4584 Ἴ

473 4602 482 4631 ⁷
501 4603 587 4666 Polyb.
600 4603 643 4653 lib.
657 4617 678 4664 3.
691 4618 712 4650 c.
722 4618 745 4665 4.
812 4601 821 4629 ⁸
838 4601 908 4664 Virg.
923 4611 944 4663 7.
956 4601 1018 4649 Aen.
1031 4600 1048 4650 l.
1060 4616 1099 4664 40.
1172 4600 1182 4629 ⁹
1198 4601 1268 4664 virg.
1281 4601 1344 4651 Aen.
1359 4613 1381 4665 7.
1392 4602 1409 4650 l.
1421 4602 1477 4665 460,
1489 4602 1552 4665 467;
1572 4617 1609 4654 11.
1621 4605 1638 4653 l.
1650 4617 1713 4669 4793
1735 4618 1771 4654 12.
1784 4603 1800 4655 L
1813 4605 1871 4668 938.

472 4691 1874 4716 -------ι-------.-.--.-.
