4498 5566
726 743 788 798 DE
815 742 919 796 IURE
948 743 1080 810 BELLI,
1112 743 1236 809 LIB.I,
1270 743 1358 797 (ῙΑΡ.
1382 743 1439 796 ΙΙΙ.
1737 739 1776 813 17

324 957 325 962 ἵ
380 980 537 1045 librorum
558 977 745 1062 iustiniani,
770 985 922 1050 Honeste
947 986 1074 1063 uiuere,
1090 985 1243 1051 Alterum
1271 1009 1337 1052 non
1365 987 1504 1066 laedere,
1528 969 1633 1053 Suum
1660 989 1785 1072 cuique·

379 1091 530 1172 tribuere,
542 1093 680 1159 Liberos
695 1095 958 1178 tueri,‚Iniuriam
976 1096 1175 1180 propulsare,
1186 1099 1269 1162 Cum
1286 1101 1439 1163 omnibus
1454 1098 1643 1163 hominibus
1658 1119 1778 1182 cogna-

380 1201 505 1266 tionem
529 1225 714 1287 agnoscere,
741 1206 948 1272 Commercia
975 1209 1122 1287 retinere,
1146 1209 1178 1272 id
1204 1229 1307 1290 genus
1332 1209 1465 1292 reliqua,
1490 1221 1524 1275 et
1547 1232 1634 1295 quae
1657 1233 1701 1276 ex
1728 1212 1778 1277 his

379 1323 466 1386 sunt,
484 1335 634 1398 quaeque
657 1309 773 1380 inillis
795 1327 870 1382 sunt
889 1319 980 1382 libris
1002 1319 1069 1382 sere
1090 1317 1242 1382 totum¹?
1288 1302 1511 1385 Isthaeciuris
1526 1324 1675 1404 gentium
1691 1335 1776 1399 sunt,

379 1431 415 1486 et
439 1423 516 1488 iuris
539 1425 657 1491 bellici.
702 1426 792 1509 Quid
819 1429 919 1507 aiunt,
943 1451 963 1492 a
990 1430 1170 1492 Iustiniano
1194 1430 1363 1493 inuentum
1386 1431 1435 1494 ius
1461 1434 1777 1514 repraesentationis,

379 1542 413 1597 et
436 1533 627 1599 nouellum?
672 1536 749 1619 Quo
772 1539 870 1620 igitur
892 1539 1131 1603 contenderunt
1158 1541 1234 1618 iure,
1256 1541 1312 1623 qui
1335 1561 1407 1619 au0,
1431 1552 1567 1624 nepotes
1589 1565 1632 1606 ex
1655 1543 1778 1625 primoss

378 1645 500 1726 genito,
517 1657 550 1711 et
570 1650 815 1730 praedefuncto,
830 1652 1004 1714 succedere
1024 1661 1101 1715 ante
1124 1661 1259 1733 patruos
1282 1653 1420 1735 saepius,
1436 1673 1558 1737 perque
1578 1633 1776 1717 sententiam

379 1756 601 1837 probatiorem
617 1759 796 1824 uolebant?
842 1761 880 1823 In
897 1760 982 1824 linea
998 1771 1182 1826 transuersa
1197 1763 1308 1826 dicent
1324 1747 1489 1827 nouellum
1509 1763 1558 1828 ius
1567 1762 1591 1826 ².
1635 1763 1708 1828 Nec
1727 1773 1777 1828 est

380 1878 554 1951 propterea
585 1870 715 1934 nouella
745 1873 902 1955 aequitas
928 1882 986 1936 aut
1015 1875 1165 1956 aequitas
1194 1873 1351 1938 naturalis
1376 1895 1443 1938 non
1471 1885 1528 1954 est,
1554 1884 1591 1939 ut
1618 1857 1651 1938 in
1678 1885 1776 1940 recta.

379 1977 512 2044 Etenim
543 1981 651 2046 edicta
678 1983 869 2046 Praetorum
898 1982 1030 2046 nouella
1060 1994 1145 2062 sunt,
1172 1993 1205 2048 et
1232 1994 1392 2064 naturam,
1420 1994 1453 2049 et
1479 1967 1681 2067 aequitatem
1708 1986 1777 2049 eius

377 2101 559 2172 sequuntur
572 2113 671 2175 supra
687 2094 776 2176 leges
791 2103 918 2158 ueteres
934 2096 1048 2176 magis.
1095 2094 1204 2177 Leges
1220 2095 1420 2159 Iustinianus
1434 2079 1510 2160 suas
1525 2107 1558 2160 et
1574 2097 1776 2180 simplicitati

377 2205 505 2282 aptauit
529 2205 578 2284 (ut
601 2204 774 2284 profitetur
795 2207 904 2286 saepe)
930 2214 1085 2269 naturae:
1115 2216 1148 2269 et
1171 2216 1299 2268 ueteres
1324 2208 1366 2268 ad
1390 2208 1529 2270 eandem
1553 2217 1703 2271 naturam
1728 2231 1776 2272 re·

378 2313 482 2376 traxit
504 2313 627 2379 deuias.
667 2306 763 2398 Ἐτςο
787 2326 820 2379 et
843 2303 1108 2395 consentaneum,
1134 2337 1207 2380 cum
1228 2317 1365 2380 aliarum
1388 2301 1535 2380 omnium
1555 2317 1775 2384 hereditatum

378 2433 413 2486 et
432 2425 674 2489 successionum
692 2426 756 2490 hoc
777 2427 828 2490 ius
848 2428 899 2505 sit,
916 2427 1004 2490 idem
1020 2448 1152 2509 quoque
1172 2429 1205 2490 in
1220 2448 1394 2510 regnorum
1410 2429 1649 2493 hereditatibus
1668 2430 1775 2494 obser-

377 2536 455 2600 uari.
485 2545 522 2600 ut
543 2537 590 2600 ita
609 2538 830 2612 Hotomanus,
852 2539 1068 2620 peritissimus
1088 2539 1323 2620 antiquitatum
1350 2560 1448 2623 supra
1474 2539 1675 2624 Philippicos
1702 2541 1775 2606 illos

375 2665 500 2726 omnes,
517 2648 550 2711 in
572 2649 636 2712 alia
659 2650 849 2731 quaestione
872 2658 1126 2728 argumentatur,
1142 2657 1175 2712 et
1195 2650 1360 2714 concludit
1370 2649 1391 2714 ³.
1438 2650 1683 2731 Commentitia‚
1699 2653 1775 2716 sub-

376 2749 447 2822 tilia¹
464 2757 636 2824 iustiniani
658 2749 722 2824 non
746 2760 920 2843 sequimur,
937 2780 996 2823 nec
1015 2759 1041 2822 si
1057 2758 1241 2841 appelletur
1254 2761 1303 2824 ius
1319 2760 1414 2824 ciuile
1423 2761 1445 2826 ⁴.
1491 2763 1536 2826 Et
1552 2762 1775 2828 iurisconsulti

377 2881 489 2935 tamen
512 2873 567 2956 (ne
589 2869 785 2958 nesciamus)
804 2893 864 2954 per
884 2871 966 2936 haec
990 2881 1108 2935 norunt
1131 2871 1341 2954 aequitatem,
1357 2893 1442 2955 quae
1463 2884 1647 2955 quaeratur,
1666 2863 1775 2939 adhuc

378 2982 513 3047 melius:
538 2984 618 3046 dum
640 2991 759 3046 norunt
775 2993 951 3065 utrumque
969 2984 1166 3046 contrarium
1178 2983 1200 3046 ⁵.
1230 2993 1267 3045 ut
1285 2983 1330 3045 ita
1348 2983 1381 3047 P.
1399 2981 1582 3048 Castrensis
1600 2986 1646 3048 ait
1662 2996 1775 3049 contra

377 3104 594 3159 mercatores:
618 3096 673 3179 qui
690 3095 864 3178 magistros
887 3116 922 3159 se
945 3096 1057 3177 inepte
1079 3095 1203 3158 faciunt
1217 3093 1401 3176 aequitatis.
1447 3095 1614 3160 Uidelicet
1635 3097 1685 3160 ius
1701 3117 1774 3179 pro-

377 3204 519 3283 fitentur,
543 3207 645 3270 etiam
672 3217 705 3271 et
720 3205 857 3290 professi
882 3215 966 3283 sunt,
991 3207 1048 3288 qui
1074 3207 1249 3270 nesciunt
1294 3205 1344 3269 At
1367 3208 1527 3270 contraria
1548 3207 1674 3290 absque
1697 3229 1774 3272 con-

376 3318 482 3381 trariis
497 3338 563 3381 non
579 3317 837 3401 intelliguntur⁷.
884 3316 972 3380 Illud
995 3316 1134 3398 probum
1154 3324 1235 3393 erat,
1255 3325 1288 3380 et
1311 3326 1479 3379 ostensum
1503 3318 1571 3381 iure
1592 3317 1774 3396 Iustiniani,

375 3430 464 3510 quod
481 3427 582 3492 iidem
596 3429 751 3493 dicebant
768 3427 941 3509 Philippici
951 3425 972 3506 ⁸,
991 3437 1024 3490 et
1040 3428 1129 3509 quod
1151 3427 1194 3490 ad
1213 3435 1420 3510 praesentem
1442 3427 1615 3492 articulum
1638 3439 1774 3512 spectat,

375 3559 441 3602 non
462 3560 535 3603 esse
557 3541 901 3622 compromittendum,
916 3539 1005 3621 quod
1023 3559 1081 3602 nec
1102 3539 1240 3603 dubium
1264 3549 1359 3602 esset.
1406 3539 1451 3603 Et
1473 3542 1669 3606 attexebant
1693 3521 1773 3607 mox

376 3658 489 3713 tamen
512 3651 668 3733 improbe,
692 3671 757 3714 non
778 3671 849 3714 esse
872 3650 1007 3714 dubiam
1031 3650 1174 3731 Philippi
1195 3670 1366 3714 caussam:
1400 3671 1459 3732 pro
1482 3673 1548 3733 qua
1570 3654 1774 3717 censuissent

376 3761 528 3826 doctores
554 3782 678 3827 omnes.
724 3759 874 3826 Omnes?
919 3761 996 3826 Non
1023 3759 1174 3824 Cuiacius
1201 3781 1260 3842 pro
1288 3761 1467 3826 Catharina
1493 3763 1649 3827 Medice?
1694 3763 1773 3827 Non

377 3871 579 3936 Coimbriani
595 3882 709 3936 contra
725 3869 936 3954 Philippum?
960 3879 993 3932 et
1014 3869 1123 3949 (mitto
1138 3870 1180 3932 de
1195 3870 1280 3951 aliis)
1297 3891 1363 3934 non
1382 3872 1438 3935 illa
1456 3873 1519 3935 tria
1540 3872 1665 3936 lumina
1685 3873 1772 3936 orbis

375 3993 491 4061 terrae,
504 3982 705 4060 Perusinum,
716 3980 932 4055 Bononiense,
947 3979 1141 4042 Patauinum
1157 3978 1296 4061 collegia
1310 4000 1370 4061 pro
1386 3981 1541 4045 Famesio
1557 3981 1773 4065 disputarunt,

375 4090 638 4177 responderunt?
681 4090 794 4174 Uulgo
810 4110 968 4172 responsa
984 4097 1143 4172 prostant.
1189 4087 1239 4152 At
1255 4108 1362 4172 neque
1377 4091 1410 4154 id
1425 4093 1612 4173 quaerimus
1631 4093 1663 4155 in
1679 4112 1773 4174 prae-

375 4205 490 4270 sentia.
544 4203 607 4268 Pro
633 4203 787 4286 Philippo
815 4202 899 4267 sorte
922 4212 982 4280 est,
1007 4209 1040 4264 et
1065 4200 1179 4264 itidem
1205 4200 1322 4266 estad
1349 4222 1418 4264 rem
1443 4213 1660 4284 praesentem,
1683 4205 1772 4286 quod

794 4424 802 4454 ²
818 4423 836 4476 l.
850 4436 873 4476 1.
886 4437 908 4476 a.
921 4438 945 4486 3.
956 4436 981 4486 5.
993 4436 1031 4472 10.
1042 4422 1074 4472 de
1084 4421 1117 4473 iu.
1129 4429 1154 4472 et
1166 4422 1211 4473 iur.
1223 4421 1268 4485 (D.
1283 4437 1305 4472 r.
1319 4425 1351 4484 ι).

521 4506 532 4537 ¹
547 4506 565 4558 l.
577 4519 601 4569 3.
613 4507 643 4559 C.
655 4507 687 4558 de
697 4523 733 4558 su.
746 4515 770 4557 et
782 4507 830 4572 leg.
845 4505 879 4570 (6.
892 4507 950 4570 55);
968 4505 985 4556 l.
998 4519 1020 4567 5.
1034 4505 1063 4555 C.
1075 4504 1124 4570 leg.
1136 4504 1186 4556 her.
1200 4505 1235 4567 (6.
1245 4507 1298 4567 58).
1417 4506 1427 4534 ³
1444 4505 1507 4557 Hot.
1519 4505 1553 4559 ill.
1566 4522 1589 4572 q.
1604 4519 1625 4558 a.

439 4591 448 4621 ¹
465 4589 507 4641 At
521 4604 542 4644 a.
554 4605 621 4641 cons.
634 4601 674 4653 37.
860 4587 870 4617 ⁵
887 4589 968 4639 Castr.
980 4605 1017 4654 pr.
1029 4587 1061 4637 ‹le
1072 4588 1127 4638 lust.
1142 4587 1187 4649 (D.
1202 4602 1223 4636 1.
1238 4589 1272 4649 1).
1458 4588 1468 4617 ⁸
1485 4589 1538 4639 Cle.
1551 4588 1656 4646 Orate.
1667 4603 1707 4654 4²·

537 4669 548 4703 ¹
563 4671 617 4724 Pla.
631 4681 653 4735 7.
663 4671 694 4722 de
706 4669 791 4737 Legi.;
808 4671 863 4722 Bal.
874 4671 891 4720 l.
906 4683 927 4722 1.
939 4671 969 4721 de
980 4669 1027 4728 his,
1040 4669 1082 4736 qui
1094 4686 1122 4719 su
1135 4685 1171 4720 su.
1183 4670 1229 4733 (D.
1240 4685 1260 4721 1.
1270 4669 1305 4733 ό).
1409 4671 1420 4699 “
1436 4669 1538 4720 Conest.
1550 4687 1573 4734 4.
1586 4685 1610 4734 5.

1062 4873 1088 4922 D
