4534 5576
716 720 777 774 DE
806 721 910 775 IURE
940 720 1074 792 BELLI,
1103 719 1183 776 LIB.
1206 720 1248 791 II,
1280 720 1368 776 CAP.
1396 722 1478 777 VIII.
1736 715 1796 800 163

439 961 490 1024 At
506 983 582 1026 uero
599 972 693 1045 petes
707 964 761 1028 hic
776 965 875 1046 quod,
897 967 923 1028 si
940 965 1016 1030 licet
1035 965 1183 1048 pecuniis
1196 985 1290 1029 arma
1303 964 1449 1030 hostium
1465 986 1671 1048 corrumpere
1686 975 1720 1030 et
1734 967 1798 1030 sibi

394 1074 583 1156 adiungere,
599 1075 704 1154 urbes,
720 1095 818 1154 arceS,
835 1077 922 1140 acies
942 1075 1133 1140 abstrahere
1150 1075 1247 1154 hosti,
1262 1097 1320 1141 cur
1341 1099 1407 1141 non
1424 1087 1458 1142 et
1473 1079 1579 1156 liceat,
1592 1078 1703 1160 capita
1721 1075 1799 1142 hos-

393 1185 476 1247 tium
497 1184 635 1249 licitari?
680 1187 784 1260 Licet,
801 1187 847 1251 sic
863 1187 1056 1270 intercipere
1076 1188 1200 1265 urbem,
1216 1188 1249 1250 in
1269 1208 1337 1270 qua
1353 1188 1505 1270 princeps
1524 1188 1670 1252 hostium
1685 1189 1798 1271 degit:

394 1297 545 1378 adeoque
566 1297 748 1380 principem
772 1299 880 1380 ipsum
904 1299 951 1363 sic
970 1319 1101 1381 quoque
1120 1299 1315 1381 intercipere
1334 1299 1420 1363 licet.
1475 1298 1543 1363 Cur
1560 1300 1659 1382 igitur
1677 1321 1744 1363 non
1764 1309 1798 1364 et

394 1406 601 1472 interficere?
646 1409 843 1492 Respondet
864 1411 1095 1493 magnanimus
1117 1409 1174 1488 uir,
1195 1410 1263 1473 imo
1285 1429 1345 1474 nec
1365 1410 1464 1473 istam
1483 1409 1652 1474 ferendam
1673 1431 1746 1474 esse
1763 1411 1797 1472 in

392 1516 482 1581 bello
505 1528 733 1584 mercaturam.
788 1520 900 1584 ‘Male
917 1541 953 1584 se
976 1540 1045 1584 rem
1068 1519 1197 1597 habere,
1221 1541 1306 1598 cum,
1329 1521 1418 1603 quod
1440 1523 1559 1585 uirtute
1582 1520 1665 1583 effici
1688 1521 1797 1600 debet,

309 1661 314 1668 ·
394 1628 450 1691 ‘id
462 1639 609 1694 tentatur
620 1632 760 1714 pecunia
769 1630 801 1696 ¹.'
845 1634 1081 1714 Uituperatum
1098 1631 1177 1696 olim
1195 1633 1405 1715 Philippum;
1425 1634 1481 1715 qui
1497 1633 1595 1697 istam
1610 1641 1716 1698 artem
1731 1633 1798 1698 sac·

393 1740 514 1804 titabat
529 1741 662 1824 palam:
687 1753 720 1807 et
735 1753 951 1808 mercatorem
967 1744 1080 1808 maiori
1097 1764 1141 1807 ex
1157 1753 1260 1827 parte,
1275 1764 1377 1826 quam
1396 1743 1553 1808 uictorem
1572 1752 1798 1826 nuncupatum

394 1849 558 1918 Graeciae
594 1864 818 1936 cauponantes
846 1855 908 1919 hos
939 1876 1017 1934 esse,
1045 1876 1112 1919 non
1140 1855 1394 1939 belligerantesr
1433 1877 1499 1919 non
1528 1855 1607 1918 belli
1637 1864 1798 1939 potentes,

393 1963 452 2026 sed
477 1965 611 2028 mercati
635 1975 788 2047 potentes
800 1965 823 2028 ².
878 1967 934 2032 Sic
951 1976 1083 2031 notatos
1108 1966 1314 2049 Spartanos3
1345 1967 1435 2050 quod
1457 1967 1553 2049 primi
1579 1968 1727 2030 omnium
1753 1987 1798 2029 ex

395 2076 486 2137 omni
516 2077 722 2158 antiquitatis
755 2079 915 2141 memoria
943 2077 1056 2142 hostes
1087 2078 1277 2141 muneribus
1309 2076 1549 2156 sollicitassent,
1579 2086 1613 2141 et
1646 2077 1798 2140 uenalem

395 2183 549 2250 fecissent
566 2188 644 2251 belli
663 2198 838 2252 euentum:
863 2210 940 2253 nam
959 2191 1049 2273 prius
1066 2191 1196 2268 uirtute,
1214 2190 1352 2268 fortuna,
1369 2189 1517 2253 Deorum
1536 2189 1714 2271 praesidiis,
1729 2210 1798 2252 rem

396 2299 526 2363 stetisse
547 2300 723 2379 bellicam;
754 2311 787 2365 et
803 2322 881 2365 uero
899 2301 995 2365 dolos
1017 2301 1098 2366 istos
1115 2322 1136 2364 a
1155 2301 1229 2364 Diis
1251 2322 1310 2365 suo
1328 2309 1479 2383 tempore
1496 2321 1609 2365 uersos
1631 2301 1664 2364 in
1683 2321 1799 2364 eorun-

398 2409 474 2472 dem
498 2409 597 2473 luisse
620 2412 818 2493 pemiciemz
845 2422 946 2494 atque
967 2413 1034 2475 suis
1055 2410 1107 2474 his
1129 2411 1255 2475 artibus
1277 2431 1454 2493 oppressos
1472 2410 1571 2474 luisse
1590 2410 1766 2493 magistros
1775 2410 1797 2472 ³.

397 2518 589 2601 Improbam
615 2521 955 2586 Lacedaemoniorum
978 2521 1242 2585 institutionem:
1272 2522 1352 2604 quia
1376 2522 1489 2586 omnia
1514 2522 1657 2586 utilitate
1684 2523 1799 2586 metie-

395 2631 517 2695 bantur
526 2631 548 2696 ⁴.
590 2633 748 2715 Aspirare
763 2634 806 2696 ad
822 2633 994 2697 uictoriam
1012 2633 1142 2711 uirtute,
1159 2652 1225 2696 non
1240 2633 1381 2714 pecunia
1395 2641 1566 2715 oportere:
1585 2653 1661 2697 cum
1678 2633 1799 2719 Elaeis‚

394 2762 469 2805 cum
491 2741 573 2821 aliis,
596 2743 771 2816 concludet
789 2743 840 2806 uir
859 2742 960 2822 fortis,
980 2743 1037 2826 qui
1057 2753 1253 2808 censuerunt
1275 2744 1309 2807 id
1332 2743 1514 2826 indignum,
1533 2744 1705 2808 domestici
1723 2764 1799 2826 pro·

393 2855 508 2918 ditoris
530 2877 631 2938 opera
652 2857 700 2920 uti
711 2857 734 2921 ⁶.
791 2856 907 2920 Etiam
937 2855 993 2919 illo
1015 2865 1127 2919 utetur
1149 2865 1345 2939 argumento
1369 2855 1625 2933 iurisconsultus,
1646 2874 1713 2918 non
1739 2854 1800 2918 has

394 2967 525 3047 probari
548 2988 644 3049 posse
666 2969 699 3031 in
722 2968 812 3032 bello
833 2977 940 3032 artes:
962 2967 1119 3050 quoniam
1143 2987 1251 3049 neque
1274 2967 1307 3030 in
1330 2967 1570 3049 disceptatione
1588 2964 1676 3029 ciuili
1695 2965 1800 3044 liceat,

395 3086 505 3157 testes
517 3079 744 3157 instrumenta,
758 3080 948 3155 aduocatos,
966 3079 1068 3161 partis
1082 3078 1243 3142 aduersae
1258 3098 1476 3161 corrumpere.
1522 3075 1591 3142 Sed
1607 3097 1669 3159 ego
1685 3086 1800 3158 putem

398 3198 520 3268 tamen,
547 3211 612 3254 non
642 3191 792 3255 damnari
821 3191 909 3255 hunc
940 3190 1064 3254 dolum.
1121 3191 1193 3254 Nec
1224 3190 1311 3253 enim
1337 3198 1542 3272 postremum
1567 3197 1800 3271 argumentum

398 3310 490 3365 tenet
512 3323 649 3385 semper.
696 3302 741 3366 Et
762 3323 822 3386 per
844 3302 925 3366 illud
946 3301 1001 3366 hic
1019 3322 1153 3384 quoque
1175 3309 1375 3383 sequeretur,
1398 3320 1458 3364 nec
1481 3299 1578 3363 licere
1600 3300 1632 3363 ui
1655 3301 1688 3364 in
1710 3300 1801 3364 bello

398 3414 455 3491 uti,
481 3422 515 3478 et
540 3435 600 3496 per
625 3415 692 3478 uim
716 3435 876 3497 occupare
899 3413 1027 3491 milites,
1054 3415 1284 3490 instrumenta,
1306 3411 1430 3490 hostis;
1461 3411 1539 3494 quia
1564 3430 1624 3493 per
1645 3411 1713 3474 uim
1740 3433 1801 3478 nec

399 3523 497 3588 liceat
522 3545 684 3608 occupare
709 3526 900 3602 aduocatos,
922 3524 987 3587 alia
1010 3525 1121 3605 partis,
1144 3532 1203 3588 aut
1228 3523 1294 3586 alia
1322 3542 1470 3605 unquam
1493 3522 1541 3586 uti
1567 3523 1601 3585 ui
1627 3521 1661 3585 in
1687 3521 1801 3586 litibus

398 3635 467 3700 fori.
522 3636 671 3699 Uictoria
690 3635 723 3698 in
742 3634 829 3699 bello
849 3633 1034 3716 quaeritur:
1058 3653 1144 3716 quae
1167 3652 1234 3696 non
1257 3633 1389 3714 patitur,
1410 3633 1470 3695 nisi
1489 3651 1539 3695 res
1557 3630 1703 3695 hostium
1718 3632 1800 3696 fiant

399 3746 433 3809 in
456 3766 555 3810 manu
579 3766 618 3809 ac
639 3754 814 3828 potestate.
871 3745 950 3807 Non
973 3743 1039 3806 iarn
1061 3743 1228 3825 quaeritur
1251 3743 1284 3805 in
1314 3741 1402 3806 bello
1425 3741 1517 3823 quod
1543 3751 1643 3814 antea
1665 3762 1801 3822 quaere-

399 3859 505 3934 batur,
522 3867 648 3920 certum
666 3855 808 3938 aliquod,
823 3855 881 3918 sed
901 3852 980 3916 illud
999 3853 1168 3930 incertum,
1183 3851 1317 3915 uictoris
1334 3851 1505 3914 arbitrium
1524 3850 1567 3913 de
1585 3871 1694 3933 poena
1711 3852 1799 3926 uicti,

400 3978 434 4033 et
464 3969 533 4031 eius
563 3987 598 4029 re
628 3967 728 4029 omni.
772 3966 823 4028 At
853 3965 886 4026 in
917 3963 988 4027 loro
1018 3965 1106 4027 idem
1137 3962 1260 4044 petitur
1289 3961 1379 4044 quod
1409 3960 1584 4044 petebatur
1605 3980 1743 4042 semper,
1767 3971 1800 4025 et

400 4099 531 4161 semper
549 4077 698 4141 debitum
714 4076 931 4140 afferebatur:
953 4084 987 4138 et
1005 4093 1083 4156 ergo
1101 4093 1167 4137 non
1186 4073 1264 4138 licet
1282 4073 1315 4135 in
1334 4070 1405 4135 loro
1423 4070 1613 4134 subuertere
1631 4091 1671 4133 ea
1689 4072 1800 4152 partis

401 4212 487 4275 quae
516 4189 679 4255 uentilant
708 4189 807 4252 istam
836 4187 1041 4270 petitionem.
1099 4184 1250 4268 Exposui
1279 4193 1379 4248 antea
1409 4183 1569 4246 rationem
1599 4201 1721 4264 parem,
1744 4201 1801 4245 cur

401 4303 468 4369 doli
495 4323 562 4366 non
586 4302 841 4366 admitterentur
864 4299 899 4362 in
923 4298 1065 4363 ludicris.
1118 4299 1218 4362 Nunc
1243 4297 1286 4362 de
1310 4316 1400 4360 nece.
1454 4295 1532 4357 Non
1554 4315 1576 4357 a
1597 4294 1698 4358 ueteri
1727 4314 1801 4356 mea

498 4536 506 4566 ¹
525 4536 578 4589 Cic.
591 4551 612 4585 r.
624 4535 655 4586 de
667 4535 716 4586 Off.
728 4533 752 4585 6.
852 4533 862 4562 ²
879 4533 954 4585 Diod.
966 4533 1010 4584 lib.
1024 4531 1061 4582 16.
1074 4548 1095 4583 c.
1108 4545 1157 4596 543
1174 4532 1231 4583 Ual.
1246 4543 1267 4596 7.
1279 4548 1300 4582 c.
1315 4547 1338 4582 a.
1437 4530 1447 4559 ⁸
1464 4529 1535 4580 Paus.
1549 4528 1591 4579 lib.
1603 4545 1626 4592 4.
1639 4545 1660 4578 c.
1675 4539 1712 4592 17.

677 4619 687 4650 ⁴
703 4619 768 4672 Plut.
781 4617 864 4668 Alcib.
1002 4615 1013 4644 ⁸
1029 4616 1102 4666 Paus.
1115 4630 1144 4680 53
1161 4615 1217 4666 Ual.
1230 4614 1254 4664 6.
1265 4630 1287 4666 c.
1303 4630 1330 4670 ις
1349 4614 1402 4665 Cic.
1416 4613 1485 4663 Uerr.
1498 4625 1522 4673 3.

1071 4827 1130 4878 va
