4522 5570
462 728 504 789 80
949 737 1152 790 ALBERICI
1179 738 1379 790 GENTILIS

463 981 672 1044 Plataeenses
690 983 781 1045 aiunt
801 983 889 1063 apud
912 981 1143 1061 Thucydidem
1156 978 1174 1044 ¹.
1219 979 1280 1043 Ait
1301 980 1564 1044 Demosthenes:
1588 983 1679 1044 cuius
1696 983 1859 1045 orationes

461 1079 505 1156 ad
524 1093 708 1171 honestum,
728 1104 760 1157 et
783 1094 938 1157 decorum
962 1112 1033 1156 esse
1056 1091 1228 1155 dicuntur:
1257 1091 1372 1155 salutis
1395 1112 1527 1174 quoque
1550 1093 1676 1156 ratione
1699 1093 1858 1175 neglecta,

462 1206 546 1283 licet,
561 1206 692 1268 hostem
709 1205 849 1267 multare
857 1203 879 1265 ¹.
925 1204 971 1267 Et
987 1205 1032 1267 sic
1049 1202 1153 1281 Plato,
1169 1203 1367 1286 Xenophon,
1385 1203 1500 1268 Cicero
1510 1203 1531 1282 ¹,
1549 1204 1659 1267 ‘Iusta
1675 1204 1762 1268 bella
1778 1205 1858 1268 defi·

462 1319 545 1379 ‘niri
564 1305 789 1397 solent,'quae
813 1315 1012 1378 ulciscuntur
1034 1315 1174 1392 iniurias,
1196 1315 1222 1376 si
1246 1335 1311 1395 qua
1333 1334 1423 1396 gens
1444 1313 1496 1376 uel
1520 1315 1643 1391 ciuitas,
1663 1335 1749 1396 quae
1771 1314 1859 1378 bello

462 1429 629 1511 ‘petenda
656 1437 715 1505 est,
743 1426 795 1490 uel
821 1428 987 1490 uindicare
1014 1426 1198 1508 neglexerit
1226 1425 1315 1506 quod
1338 1447 1358 1488 a
1381 1425 1449 1488 suis
1476 1426 1626 1508 improbe
1648 1427 1772 1500 lactum
1800 1436 1858 1503 est,

462 1539 537 1602 ‘uel
558 1540 694 1601 reddere
717 1539 807 1619 quod
831 1558 889 1619 per
908 1537 1057 1599 iniuriam
1076 1536 1225 1599 ablatum
1245 1533 1314 1611 est‚’
1332 1536 1378 1599 sic
1396 1535 1605 1617 Augustinus
1614 1535 1636 1599 ¹.
1683 1535 1858 1600 Caeterum

461 1650 632 1732 perspicua
654 1649 736 1713 haec
759 1659 835 1712 sunt
859 1649 966 1711 nimis.
1012 1648 1123 1711 Etiam
1143 1648 1267 1729 species
1290 1648 1366 1710 iusti
1387 1647 1543 1709 interesse
1561 1647 1680 1710 dicitur
1696 1647 1786 1725 ultio,
1805 1648 1858 1710 uel

460 1761 487 1822 si
515 1769 645 1823 tantum
671 1761 782 1822 animo
809 1759 987 1822 satisfaciat
997 1758 1018 1820 ¹.
1076 1757 1121 1819 Et
1148 1759 1267 1819 mirum
1294 1758 1400 1840 igitur,
1427 1757 1506 1839 quid
1535 1757 1614 1820 uelit
1642 1757 1777 1836 Seneca,
1800 1760 1856 1840 qui

460 1871 580 1949 scribit,
608 1870 850 1933 ‘Inhumanum
881 1869 1017 1933 uerbum
1048 1878 1098 1932 est
1130 1868 1271 1933 ULTIO:
1310 1878 1343 1931 et
1373 1889 1393 1930 a
1420 1867 1619 1932 contumelia
1650 1889 1716 1932 non
1746 1870 1856 1934 diflert

461 1983 545 2044 ‘nisi
572 1981 687 2044 ordine
697 1980 729 2043 ¹.’
774 1981 840 2062 Qui
865 1980 906 2042 ab
931 1980 1035 2042 altero
1059 1979 1198 2043 afficitur
1222 1979 1344 2056 iniuria,
1366 1979 1453 2041 hunc
1478 1978 1511 2040 in
1534 1978 1658 2042 honore
1680 2001 1747 2043 non
1770 1980 1857 2045 laedi

377 2071 383 2080 Ι
461 2115 548 2170 uere,
564 2093 754 2176 Philosophi
777 2091 951 2156 tractanti.
998 2091 1043 2154 Et
1067 2092 1178 2172 itaque
1202 2091 1338 2169 uidetur,
1357 2111 1417 2154 nec
1439 2091 1561 2154 debere
1583 2091 1669 2154 uelle
1691 2091 1857 2156 offendere

460 2208 501 2270 ad
525 2206 683 2269 honorem
708 2205 975 2286 recuperandum.
1022 2201 1124 2266 Stoici
1149 2203 1251 2265 nostri
1270 2223 1402 2284 quoque
1422 2201 1547 2266 iaciunt
1570 2221 1665 2266 suum
1687 2203 1856 2266 hominem

460 2320 492 2381 in
520 2318 630 2382 omnia
658 2328 691 2381 et
717 2338 776 2399 per
802 2317 913 2379 omnia
940 2313 1186 2396 impassibilem.
1240 2312 1292 2376 At
1319 2314 1399 2377 istos
1425 2314 1478 2377 hic
1504 2335 1570 2377 non
1598 2313 1773 2396 sequimur,
1797 2317 1856 2379 sed

459 2428 686 2504 Aristotelem,
714 2428 761 2490 M.
786 2426 942 2503 Tullium,
965 2426 1022 2507 qui
1048 2444 1123 2488 cum
1150 2423 1250 2506 uulgo
1277 2425 1424 2487 tribuunt
1450 2426 1659 2506 opinionibus
1684 2425 1857 2489 hominum

460 2539 588 2604 ualde⁸.
634 2540 680 2602 Et
698 2559 776 2620 ergo
794 2539 1020 2617 traditumque
1038 2546 1096 2612 est,
1117 2556 1177 2599 nec
1194 2534 1316 2598 habere
1338 2537 1505 2618 priuatum
1523 2535 1643 2618 fugere,
1661 2539 1738 2619 quia
1756 2539 1857 2601 dede·

459 2671 516 2714 cus
532 2652 564 2715 id
580 2652 623 2713 sit
632 2651 652 2713 ¹.
699 2649 783 2713 Cum
803 2648 948 2729 pluribus
963 2648 1043 2724 aliis,
1060 2656 1237 2730 quaesunt
1254 2647 1375 2728 scripta
1391 2647 1433 2709 de
1452 2647 1574 2709 iniuriis
1595 2649 1627 2710 in
1647 2649 1715 2712 iure
1733 2659 1856 2712 nostro.

460 2762 528 2827 Sed
548 2783 607 2826 nec
625 2764 668 2825 de
686 2760 756 2824 solo
774 2760 827 2824 hic
845 2762 955 2842 agitur
971 2760 1104 2837 honore,
1120 2781 1233 2824 uerum
1253 2770 1286 2824 et
1304 2761 1347 2823 de
1365 2760 1470 2836 rebus,
1489 2780 1574 2841 quae
1597 2761 1691 2823 nobis
1715 2763 1856 2843 perdun-

459 2882 522 2937 tur.
577 2871 688 2937 Etiam
716 2879 806 2933 stant
834 2889 927 2950 reges
956 2878 990 2932 et
1016 2889 1117 2951 regna
1144 2871 1288 2945 nomine,
1311 2878 1411 2951 atque
1436 2868 1689 2934 existimatione.
1746 2871 1857 2952 Quare

459 3005 646 3066 nomenque
668 2984 752 3047 tueri
774 2991 915 3064 oportet.
960 2981 1006 3044 Et
1028 2980 1127 3062 culpa
1149 2977 1254 3064 (quod
1272 2979 1350 3043 alibi
1368 2980 1519 3044 scribitur
1527 2978 1566 3066 ¹⁰)
1584 2979 1689 3058 fuerit,
1707 2981 1856 3046 relaxare

459 3099 650 3162 uindictam.
697 3095 753 3159 Sic
778 3113 891 3158 curare
912 3093 1014 3156 habet
1038 3093 1256 3174 magistratus,
1277 3113 1342 3155 non
1366 3093 1466 3154 modo
1489 3113 1584 3154 suum
1608 3092 1697 3155 laeso
1721 3095 1854 3172 restitui,

458 3213 516 3276 sed
535 3221 569 3276 et
592 3210 706 3293 punire
729 3208 925 3272 laedentem.
970 3206 1043 3270 Aut
1066 3205 1182 3271 leuiter
1205 3207 1301 3270 nimis
1319 3217 1470 3290 ageretur
1493 3227 1567 3271 cum
1591 3209 1856 3292 delinquentibus

459 3335 492 3388 et
516 3324 594 3387 mali
617 3323 829 3386 incitarentur
852 3321 894 3384 ad
919 3322 1123 3402 peccandum
1148 3339 1297 3401 semper:
1328 3321 1354 3383 si
1379 3320 1461 3382 ultio
1488 3340 1544 3382 eos
1570 3340 1635 3383 non
1658 3333 1856 3403 sequeretur.

457 3437 575 3517 Atque
590 3436 617 3499 si
633 3434 769 3517 priuatis
788 3453 862 3496 eam
881 3453 948 3495 non
967 3433 1152 3496 concedunt
1170 3431 1280 3514 leges:
1304 3432 1586 3513 quemadmodum
1607 3443 1640 3496 et
1660 3434 1702 3497 de
1721 3435 1855 3516 priuatis

458 3550 504 3613 sic
539 3548 708 3632 explicant
746 3547 926 3629 supradicti
961 3544 1177 3628 Philosophi:
1223 3547 1306 3608 ratio
1343 3544 1400 3608 illa
1436 3556 1494 3622 est,
1527 3547 1616 3627 quod
1655 3546 1856 3628 priuatarum

457 3661 648 3724 iniuriarum
680 3659 852 3724 constituti
885 3658 1009 3722 ultores
1032 3657 1196 3721 habentur
1232 3657 1453 3740 magistratus,
1490 3659 1547 3738 qui
1579 3678 1738 3740 personae
1771 3660 1855 3741 pub·

456 3772 540 3836 licae
572 3773 726 3854 bonoque
759 3771 896 3854 implere
928 3771 1039 3834 animo
1072 3770 1184 3834 ualent
1217 3779 1328 3853 partes
1362 3790 1477 3832 omnes
1510 3769 1662 3833 ultionis:
1700 3770 1734 3833 id
1764 3773 1854 3853 quod

457 3886 651 3949 iniustorum
675 3885 798 3948 iustitia
816 3883 977 3948 creditum
998 3892 1047 3946 est
1071 3883 1104 3946 in
1126 3881 1275 3964 personis
1293 3883 1438 3964 priuatis
1454 3883 1668 3947 reddentibus
1686 3904 1746 3965 pro
1768 3884 1856 3947 malo

457 3998 579 4060 malum
591 3996 622 4061 ¹¹.
669 3996 809 4060 Priuatis
825 3996 952 4072 dicitur,
968 4004 1005 4059 ut
1021 3996 1157 4058 modum
1165 3991 1360 4076 'inculpatae
1375 4004 1506 4059 seruent
1523 3993 1666 4058 tutelae:
1691 4003 1725 4059 et
1743 3995 1855 4077 itaque

489 4290 496 4320 ¹
509 4290 583 4340 Dem.
595 4289 651 4338 adu.
664 4288 785 4349 Aristoe.;
802 4288 883 4338 Thue.
896 4287 940 4338 lib.
955 4302 977 4350 3.
989 4305 1010 4337 c.
1023 4301 1063 4352 54.
1129 4287 1205 4337 'Plu
1216 4287 1308 4338 Demo.
1374 4289 1384 4317 ¹
1400 4288 1428 4338 P.
1442 4302 1463 4337 1.
1475 4288 1506 4338 de
1517 4289 1595 4355 Rep.;
1614 4289 1707 4354 Cyrop.
1718 4295 1742 4339 et
1754 4289 1822 4340 Soer.

520 4372 765 4436 ¹Ang.los.q.1o.
864 4370 946 4419 ¹Bal.
958 4370 1045 4431 l.5C.
1058 4371 1139 4420 sima.
1152 4369 1196 4420 ita.
1208 4370 1241 4419 iu.
1254 4370 1296 4422 all.
1309 4371 1345 4434 (4.
1358 4373 1409 4434 57).
1516 4371 1598 4421 ¹Sen.
1613 4371 1736 4421 2.deIra.
1750 4386 1789 4435 31.

479 4453 572 4504 ¹Picc.
583 4451 607 4502 6.
620 4453 672 4502 Mo.
685 4452 730 4501 Ph.
745 4465 782 4500 21.
851 4451 953 4501 ¹Arist
967 4466 991 4515 4.
1003 4451 1062 4500 Eth.
1076 4466 1098 4514 3.
1112 4465 1156 4508 10;
1174 4452 1232 4501 Cas.
1244 4449 1267 4501 6.
1279 4453 1310 4502 de
1321 4453 1372 4502 Sin.
1385 4453 1553 4512 Cer.1;Cic.
1568 4452 1680 4516 1.adQ.
1691 4453 1719 4504 fr.
1732 4470 1770 4519 ep.
1786 4469 1808 4503 a.

553 4533 936 4598 ’Alex.1.cons.19o;1as.l.
952 4532 1178 4597 3.deiust.(D.1.
1196 4535 1229 4594 1).
1335 4533 1757 4602 ¹⁰c.1.depo.pr.;c.2.di.27.

949 4615 967 4643 ¹¹
984 4630 1004 4664 e.
1019 4629 1041 4665 1.
1055 4630 1092 4680 ²3·
1105 4632 1130 4680 q.
1142 4629 1171 4676 3;
1193 4632 1214 4666 c.
1229 4615 1266 4665 16.
1280 4630 1319 4680 ²3·
1332 4633 1356 4681 q.
1368 4630 1391 4679 5.
