4534 5576
1447 640 1749 649 ———
1768 637 1920 646 -—--—-—

525 752 586 820 154
1007 745 1210 801 ALBERICI
1239 743 1439 799 GENTILIS

521 993 794 1057 excusationem:
828 1011 914 1075 quae
939 988 1042 1054 laedit
1067 999 1169 1073 atque
1192 988 1364 1055 confundit
1392 990 1441 1052 ius
1468 987 1648 1061 hominurn,
1676 995 1712 1049 ut
1738 995 1817 1050 ante
1842 985 1922 1049 dixi.

521 1104 702 1188 Uituperat
723 1105 783 1167 has
804 1113 892 1167 artes
916 1102 1085 1185 Iosephus,
1100 1103 1156 1185 qui
1180 1111 1281 1184 negat
1299 1103 1345 1164 eis
1368 1121 1444 1164 usos
1468 1100 1649 1163 Romanos.
1677 1109 1711 1162 et
1730 1097 1831 1162 ueluti
1854 1117 1920 1161 non

520 1217 766 1281 defendendum
796 1216 918 1280 crimen
949 1215 1140 1294 afferebant,
1166 1217 1222 1298 qui
1253 1215 1322 1278 eius
1351 1213 1637 1278 calumniabantur
1668 1212 1847 1274 Romanos.
1887 1219 1921 1273 et

521 1330 721 1412 uituperauit
741 1338 874 1393 senatus
894 1327 1089 1392 Romanus:
1113 1330 1168 1411 qui
1193 1349 1252 1410 per
1269 1326 1351 1391 haec
1374 1328 1478 1390 curari
1497 1326 1667 1389 uictoriam
1691 1325 1796 1388 uetuit
1808 1321 1827 1387 ¹.
1875 1323 1920 1386 Et

519 1439 582 1505 hoc
604 1449 782 1523 praetextu
802 1440 1008 1522 Lotharinga
1031 1440 1087 1504 illa
1109 1441 1246 1504 celebris
1269 1440 1441 1503 combusta
1464 1437 1506 1501 ab
1529 1435 1682 1520 Anglisl.
1727 1435 1773 1499 Et
1793 1456 1856 1518 ego
1873 1435 1920 1498 sic

519 1552 640 1616 tradidi
663 1553 707 1615 ad
730 1553 865 1616 titulum
885 1551 1017 1617 Codicis
1040 1553 1083 1616 de
1105 1551 1269 1628 maleficis,
1288 1571 1348 1615 nec
1371 1549 1539 1614 maleficiis
1561 1548 1721 1612 obsistere
1742 1546 1840 1612 licere
1862 1566 1922 1629 per

520 1663 601 1727 haec
621 1662 777 1728 malefica.
825 1663 892 1727 Hic
912 1663 986 1727 dico
1008 1674 1129 1740 tamen,
1148 1663 1291 1728 accusari
1314 1661 1530 1726 obsistentem
1553 1679 1620 1723 non
1644 1679 1740 1742 posse
1760 1659 1804 1722 ab
1825 1657 1923 1722 hoste

521 1776 671 1842 malefico
693 1779 809 1860 priore.
865 1777 976 1840 Firma
999 1786 1049 1841 est
1071 1777 1219 1841 defensio
1242 1777 1285 1840 ab
1315 1774 1471 1857 exemplo
1494 1783 1608 1837 contra
1631 1793 1705 1836 eum
1729 1772 1783 1854 qui
1808 1791 1921 1834 exem-

520 1889 613 1972 plum
637 1890 787 1972 praebuit
797 1889 820 1954 ³.
866 1889 918 1952 Eo
940 1891 1040 1953 etiam
1064 1891 1096 1951 in
1120 1889 1356 1955 commentario
1380 1889 1501 1970 scripsi,
1524 1887 1592 1950 lieri
1619 1885 1743 1949 isthaec
1769 1905 1789 1946 a
1816 1884 1921 1964 magis

521 2023 619 2084 posse
647 2021 707 2083 per
732 2002 919 2066 daemones.
964 2001 1010 2064 Et
1037 2003 1082 2064 sic
1108 2002 1197 2083 magi
1227 2001 1375 2065 iactitare
1402 1999 1488 2064 soliti
1512 2007 1627 2062 contra
1652 1997 1765 2060 hostes
1775 1993 1797 2057 ⁴.
1844 1995 1921 2058 Non

522 2114 620 2196 igitur
642 2133 748 2176 uanae
771 2122 848 2177 sunt
867 2114 1108 2196 disputationes
1131 2115 1172 2176 de
1196 2111 1349 2194 hisquae
1371 2112 1440 2175 fieri
1465 2131 1561 2192 posse
1580 2109 1764 2186 creduntur,
1783 2116 1817 2171 et
1835 2106 1921 2170 iacta

521 2235 717 2290 accusantur
730 2225 869 2308 saepius.

1117 2471 1206 2545 cnr.
1236 2472 1326 2543 Vll.

923 2673 983 2744 De
1007 2675 1127 2746 armis
1151 2683 1184 2744 el
1209 2673 1370 2745 merzlilz‘s
1395 2673 1521 2743 armis.

567 2872 680 2956 QUOD
702 2874 729 2936 si
752 2873 917 2937 ueneficiis
940 2882 973 2936 et
996 2873 1131 2938 uenenis
1152 2893 1217 2936 non
1241 2873 1316 2937 licet
1339 2874 1373 2936 in
1394 2873 1483 2937 bello
1506 2875 1562 2950 uti,
1585 2874 1717 2937 uidetur
1742 2893 1801 2937 nec
1824 2873 1923 2937 besti·

523 3004 615 3048 arum
635 2994 874 3048 uenenatarum
892 3006 969 3048 usus
991 2986 1099 3049 licitus
1121 3006 1202 3048 esse.
1230 2987 1294 3050 'Et
1317 2985 1465 3048 Annibal
1487 2997 1599 3049 tamen
1622 2986 1828 3068 serpentibus
1847 3005 1923 3047 usus

523 3105 582 3172 est,
605 3097 705 3177 inque
734 3098 819 3178 regis
846 3096 1006 3160 Eumenis
1035 3096 1167 3178 caput⁶.
1221 3095 1267 3159 Et
1297 3097 1412 3160 itidem
1442 3095 1559 3161 Atreni
1591 3099 1624 3160 in
1655 3098 1779 3180 praelio
1808 3107 1922 3160 contra

525 3205 685 3270 Seuerum
716 3207 947 3289 imperatorem
957 3208 979 3270 ⁰.
1035 3207 1080 3271 Et
1109 3206 1271 3289 Aegyptii
1301 3207 1347 3270 sic
1373 3219 1574 3290 appararunt
1603 3208 1781 3290 aliquando
1810 3218 1924 3272 contra

525 3316 731 3382 Christianos
740 3317 762 3381 ⁷.
809 3317 878 3383 Sed
903 3319 1011 3383 male:
1045 3329 1183 3383 auteur
1209 3318 1260 3382 his
1289 3319 1381 3397 bene,
1403 3321 1503 3383 armis
1529 3321 1700 3385 uenenatis
1727 3339 1793 3382 non
1818 3315 1925 3382 bene?

523 3429 611 3492 Nam
639 3428 667 3491 si
693 3428 775 3492 dicis
802 3429 844 3492 de
870 3430 970 3492 annis
998 3439 1030 3494 et
1058 3429 1253 3510 supradictis
1279 3415 1421 3507 uenenis,
1449 3431 1539 3513 quod
1568 3429 1704 3509 Seneca,
1728 3430 1922 3494 ueneficium

523 3538 630 3604 simile
660 3560 731 3603 esse
761 3539 954 3604 mendacio:
992 3549 1026 3605 at
1050 3541 1113 3603 ista
1135 3541 1201 3604 iarn
1232 3540 1340 3604 induci
1371 3541 1482 3622 palam
1492 3539 1514 3604 ⁸.
1569 3541 1614 3606 Et
1636 3543 1725 3624 quod
1752 3541 1924 3624 Ulpianus,

523 3670 687 3714 uenenum
706 3651 813 3732 ipsum
828 3671 888 3733 per
904 3651 970 3714 uim
986 3651 1128 3714 infusum
1144 3651 1266 3714 habere
1282 3653 1444 3717 rationem
1459 3673 1624 3717 armorum
1636 3655 1657 3717 ⁹.
1703 3654 1777 3736 Ego
1791 3673 1924 3735 respon-

523 3763 606 3826 sioni
629 3762 705 3828 huic
727 3764 920 3846 respondeo,
939 3785 1006 3827 non
1029 3773 1202 3846 propterea
1225 3785 1297 3827 esse
1315 3765 1419 3828 uetita
1437 3785 1573 3843 uenena,
1591 3766 1670 3846 quia
1692 3765 1810 3828 similia
1832 3784 1923 3827 men·

523 3875 625 3938 daciis
650 3875 724 3952 sint,
754 3875 813 3938 sed
840 3884 975 3956 propter
1002 3875 1145 3938 rationes
1172 3875 1338 3956 plurimas
1364 3896 1447 3958 quas
1473 3875 1562 3940 dixi:
1598 3885 1631 3939 et
1654 3895 1792 3957 quarum
1818 3876 1845 3938 si
1872 3875 1924 3938 hic

523 3996 628 4050 cesset
650 3984 769 4068 aliqua,
793 3993 906 4049 tamen
931 4007 974 4050 ex
998 3987 1070 4050 aliis
1093 3985 1307 4051 sustinebitur
1329 3997 1362 4050 et
1384 3986 1436 4050 hic
1460 3987 1617 4066 definitio,
1637 4008 1723 4070 quae
1746 3988 1926 4050 constituta

523 4096 588 4160 illic
615 4106 674 4160 est.
728 4095 828 4159 Aliae
850 4106 962 4160 autern
989 4095 1128 4174 belluae,
1152 4098 1236 4178 equi,
1260 4095 1427 4178 elephanti
1453 4107 1524 4162 turn
1552 4107 1685 4180 recepto
1712 4119 1803 4162 more
1829 4098 1923 4161 indu-

522 4216 640 4272 cuntur
658 4209 691 4269 in
709 4205 842 4289 praelia,
861 4216 933 4270 tum
949 4209 1049 4270 etiarn
1070 4207 1196 4271 ratione
1214 4229 1234 4270 a
1252 4210 1424 4272 uenenatis
1439 4209 1579 4274 diuersa.
1626 4209 1740 4292 Equos
1758 4219 1792 4273 et
1810 4219 1927 4272 natura

656 4457 880 4522 ¹B0d.3.Daem.
1002 4455 1161 4508 ’enema
1175 4473 1213 4510 10.
1333 4461 1477 4513 'Ballr¹
1490 4479 1546 4527 quo.
1559 4463 1608 4527 qui.
1620 4463 1653 4514 iu.
1666 4462 1711 4526 (D.
1726 4477 1747 4512 a.
1761 4463 1796 4524 a).

545 4540 555 4570 ⁴
572 4541 635 4591 Plat.
651 4556 671 4590 a.
684 4541 714 4590 de
727 4543 789 4606 Rep.
802 4544 837 4605 (p.
851 4539 920 4603 3⁶4l·
986 4539 995 4568 ⁵
1012 4540 1071 4591 Cor.
1084 4539 1132 4591 Ne.
1148 4541 1221 4592 Anni.
1236 4555 1280 4600 10;
1296 4542 1368 4593 Iusti.
1380 4543 1423 4594 lib.
1436 4559 1475 4606 3²·
1487 4562 1508 4595 e
1521 4562 1545 4608 4.
1611 4545 1621 4573 ⁸
1638 4545 1759 4594 Herodia.
1770 4544 1815 4593 lib.
1828 4557 1850 4605 3.
1864 4542 1900 4591 28.

589 4622 645 4672 ἵΡ.
658 4622 873 4682 Aemil.6;1ust.
886 4623 952 4672 Anu.
965 4620 1027 4671 Gen.
1042 4637 1064 4673 a.
1130 4622 1214 4674 ‘Sen
1225 4638 1249 4689 9.
1262 4626 1335 4674 Cont.
1348 4624 1371 4675 6.
1443 4625 1486 4676 ⁹1.
1500 4640 1520 4675 1.
1533 4627 1564 4676 de
1575 4626 1599 4676 S.
1612 4627 1642 4676 C.
1654 4626 1700 4677 Sil.
1712 4626 1758 4690 (D.
1772 4639 1811 4690 29.
1826 4627 1861 4688 5).
