4498 5566
715 735 777 788 DE
805 736 909 790 IURE
938 736 1071 808 BELLI‚
1101 737 1181 793 LIB.
1205 736 1229 806 I,
1263 737 1350 793 CAP.
1373 737 1463 792 XIII.
1745 741 1787 811 55

387 980 544 1043 aduersus
573 980 709 1044 Turcas
771 979 848 1043 Non
874 981 921 1044 eis
950 981 1133 1063 frangenda
1159 982 1241 1047 fides
1267 993 1337 1048 est:
1375 1003 1451 1048 non.
1489 1001 1555 1047 non
1582 981 1787 1047 inferendum

386 1089 510 1154 bellum
525 1091 778 1174 quiescentibus,
793 1111 909 1174 pacem
925 1090 1118 1170 colentibus,
1135 1093 1167 1156 in
1184 1115 1244 1157 nos
1259 1094 1339 1157 nihil
1357 1093 1586 1158 molientibus:
1605 1113 1680 1159 non.
1719 1093 1788 1158 Sed

387 1202 521 1282 quando
536 1203 583 1267 sic
597 1212 702 1284 agunt
717 1201 868 1267 Turcae?
914 1203 1017 1268 Silete
1033 1202 1179 1286 theologi
1195 1206 1228 1268 in
1244 1225 1379 1269 munere
1393 1205 1510 1269 alieno

966 1525 1056 1599 Cnr.
1089 1525 1207 1599 XIII.

828 1701 888 1773 De
912 1701 1110 1773 necessaria
1136 1699 1342 1798 defensione.

431 1879 662 1963 QUAMQUAM
685 1885 796 1942 autem
820 1877 904 1955 dico,
927 1895 1059 1941 causam
1082 1897 1103 1940 a
1126 1885 1243 1940 natura
1266 1877 1391 1940 nullam
1412 1876 1491 1940 belli
1515 1877 1678 1943 existere:
1708 1887 1787 1943 sunt

387 2012 522 2056 caussae
543 2000 665 2067 tamen,
687 1997 824 2072 propter
844 2007 926 2070 quas
945 1995 1061 2050 natura
1084 1988 1169 2052 duce
1189 1987 1277 2052 bella
1299 1989 1504 2070 suscipimus.
1551 1989 1601 2053 Ut
1620 1997 1671 2053 est
1688 2010 1788 2054 causa

387 2102 585 2166 defensionis
596 2099 615 2166 ¹.
662 2101 708 2163 Et
731 2120 832 2182 quum
857 2097 980 2162 bellum
1004 2097 1187 2191 suspritur,
1205 2099 1283 2180 quia
1301 2098 1426 2181 aliquid
1449 2109 1587 2181 negetur
1608 2099 1678 2164 dari
1697 2100 1787 2183 quod

387 2215 459 2296 ipsa
477 2213 591 2278 tribuit
609 2221 735 2276 natura.
781 2211 827 2275 Et
844 2210 966 2293 itaque,
982 2209 1059 2291 quia
1077 2211 1127 2272 ius
1143 2219 1280 2274 naturae
1295 2209 1446 2288 molatur,
1460 2210 1584 2275 bellum
1604 2213 1787 2293 suscipitur.

388 2324 455 2389 Sed
479 2323 703 2388 defensionem
727 2321 874 2386 dicemus
896 2320 996 2384 aliam
1023 2321 1249 2399 necessariam,
1272 2320 1371 2384 aliam
1395 2321 1519 2399 utilem,
1541 2321 1640 2384 aliam
1667 2321 1787 2386 hones·

386 2443 476 2500 tam:
501 2454 634 2497 omnem
653 2442 765 2497 tamen
786 2432 1084 2496 existimauerimus
1103 2431 1328 2496 necessariam.
1374 2430 1460 2514 ‘Qui
1477 2452 1514 2495 se
1532 2431 1689 2511 defendit,
1707 2434 1787 2497 dici-

386 2550 463 2610 ‘tur
482 2541 739 2610 necessitatus².'
783 2543 856 2607 Nec
874 2543 1031 2623 distingui
1051 2541 1122 2604 uult
1141 2541 1274 2620 Baldus,
1292 2542 1363 2606 siue
1381 2563 1425 2621 se,
1440 2563 1508 2620 sua,
1525 2563 1602 2606 suos
1620 2542 1786 2622 defendat,

386 2658 456 2721 siue
478 2677 590 2739 prope,
609 2656 677 2719 siue
700 2654 808 2738 posita
830 2655 937 2736 longe.
983 2653 1178 2717 Necessaria
1200 2652 1347 2717 defensio
1370 2654 1440 2716 eius
1461 2661 1520 2732 est,
1539 2662 1573 2717 et
1595 2654 1720 2719 factum
1742 2658 1786 2720 ad

386 2768 604 2833 necessariam
627 2767 863 2842 defensionem,
882 2774 997 2830 contra
1010 2785 1116 2852 quem
1140 2765 1253 2829 ueniat
1278 2773 1425 2828 armatus
1447 2765 1617 2830 inimicus:
1652 2774 1685 2830 et
1708 2767 1786 2846 eius,

387 2888 502 2944 contra
521 2899 620 2962 quem
645 2878 795 2941 inimicus
817 2898 853 2941 se
876 2877 1017 2959 parabat
1026 2875 1048 2941 ³.
1094 2874 1139 2940 Et
1162 2874 1238 2940 huic
1261 2875 1374 2940 deberi
1398 2875 1560 2940 auxilium
1582 2897 1642 2959 per
1661 2877 1786 2958 foedus,

387 2991 486 3056 docet
501 2991 591 3054 idem
607 2988 733 3054 Baldus
748 3008 843 3052 uere:
867 3009 967 3071 quem
985 2986 1041 3050 alii
1057 2987 1158 3051 etiam
1176 2987 1317 3070 probant
1326 2985 1350 3049 ⁴.
1398 2987 1474 3051 Hoc
1492 2997 1682 3071 susceptum
1699 2991 1787 3054 dice-

388 3125 461 3168 mus
476 3101 600 3167 bellum
615 3110 730 3166 contra
746 3099 977 3164 Mithridatem
992 3098 1091 3163 olim:
1121 3107 1154 3162 et
1169 3107 1284 3162 contra
1303 3099 1469 3163 maximos
1486 3109 1667 3182 apparatus
1685 3102 1754 3165 eius
1765 3102 1787 3166 ⁵.

387 3215 506 3299 Neque
528 3213 617 3278 enim
639 3219 817 3295 expectare
838 3211 1004 3293 sapientes
1027 3209 1220 3292 oportuisse,
1238 3211 1318 3274 dum
1341 3210 1396 3274 ille
1417 3210 1548 3276 hostem
1569 3210 1733 3293 professus
1751 3231 1787 3276 se

387 3336 491 3392 esset:
514 3335 550 3391 at
573 3324 716 3390 infacta
738 3325 824 3387 illius
848 3322 972 3405 respici,
993 3342 1094 3404 quam
1117 3322 1150 3385 in
1173 3322 1274 3386 uerba
1297 3323 1412 3406 magis.
1468 3324 1532 3402 Sic,
1555 3326 1786 3389 necessitatem

385 3441 466 3503 dum
488 3439 637 3516 dicimus,
656 3435 786 3520 proprie
806 3433 943 3518 quidem
966 3453 1031 3496 non
1055 3433 1227 3516 loquimur,
1250 3441 1285 3497 at
1308 3453 1382 3498 eam
1404 3435 1627 3518 intelligimus,
1645 3457 1731 3520 quae
1752 3437 1786 3500 in

385 3531 483 3615 rebus
504 3547 658 3614 humanis
681 3567 748 3611 non
770 3567 843 3610 rara
861 3553 919 3624 est,
938 3555 972 3610 et
990 3545 1054 3610 dici
1078 3545 1254 3609 necessitas
1274 3547 1464 3610 consueuit:
1488 3567 1573 3629 quae
1595 3555 1707 3629 potest
1725 3568 1786 3613 nec

385 3663 563 3726 necessitas
589 3660 646 3723 illa
668 3679 754 3737 uera,
769 3658 916 3740 praecisa
942 3677 1024 3721 esse.
1079 3655 1167 3720 Ecce
1193 3656 1371 3721 Tusculani
1398 3659 1596 3723 intrantibus
1622 3657 1788 3724 hostiliter

386 3771 468 3836 fines
494 3792 571 3835 suos
598 3770 769 3846 Romanis,
795 3777 915 3850 pacata
940 3767 1061 3842 omnia,
1086 3776 1119 3830 et
1145 3765 1281 3848 pacifica
1308 3767 1477 3850 praebent,
1501 3778 1534 3832 et
1560 3777 1675 3850 portas
1697 3769 1786 3834 urbis

386 3891 545 3968 patentes,
565 3891 599 3945 et
617 3887 736 3944 cuncta
753 3877 878 3942 amica:
902 3887 944 3956 et,
967 3897 1003 3940 se
1024 3877 1155 3959 quiduis
1173 3875 1260 3939 uelle
1277 3877 1387 3958 potius
1406 3898 1505 3959 quam
1524 3878 1657 3956 bellum,
1676 3880 1785 3943 decla-

386 4003 460 4059 rant
470 3995 492 4058 ⁸.
537 3992 614 4075 Qua
636 3989 796 4072 patientia
818 4008 934 4072 pacem
957 3987 1041 4064 ilice,
1057 4007 1117 4051 nec
1141 3985 1246 4048 multo
1269 3996 1346 4066 post
1369 3987 1469 4050 etiam
1492 3988 1662 4051 ciuitatem
1681 3990 1785 4072 impe-

386 4114 563 4172 trauerunt.
608 4103 653 4166 Et
672 4100 806 4165 easdem
824 4109 911 4164 artes
929 4099 1036 4163 tenuit
1053 4095 1325 4175 Amalassuntha,
1342 4096 1526 4161 Gothorum
1545 4099 1677 4181 regina:
1699 4121 1786 4183 quae

386 4217 505 4302 legatis
522 4213 702 4292 Iustiniani,
717 4211 841 4277 bellum
861 4210 1101 4285 minitantibus,
1117 4209 1329 4292 responderit,
1345 4209 1433 4273 nolle
1448 4211 1548 4274 armis
1565 4213 1784 4276 contendere:

386 4338 421 4394 et
443 4349 528 4406 eum,
547 4327 604 4411 qui
627 4335 793 4392 certamen
816 4343 883 4388 non
905 4323 1011 4388 altero
1033 4322 1229 4386 aduersante
1252 4321 1368 4400 inierit,
1387 4321 1644 4404 haudquaquam
1668 4323 1786 4388 referre

420 4563 429 4594 ¹
444 4562 499 4613 Cle.
513 4576 535 4612 a.
546 4559 577 4611 de
589 4565 651 4610 sent.
779 4556 789 4587 ¹
805 4554 860 4606 Bal.
873 4569 895 4618 3.
907 4569 975 4606 cons.
988 4553 1045 4617 458.
1056 4561 1081 4603 et
1094 4566 1116 4616 5.
1128 4567 1195 4603 cons.
1208 4565 1265 4618 40⁵·
1393 4551 1403 4582 ⁸
1419 4552 1488 4603 Clar.
1501 4555 1515 4613 l
1528 4551 1701 4603 Homicidium
1714 4566 1754 4615 53.

477 4645 532 4694 Bul.
544 4644 576 4694 ad
588 4643 614 4692 d.
624 4641 643 4691 1.
655 4641 769 4706 32.10c.;
786 4641 835 4690 Ias.
848 4639 909 4690 Dec.
921 4638 939 4690 l.
951 4644 978 4688 ut
989 4637 1048 4687 uim
1059 4635 1106 4700 (D.
1121 4649 1144 4688 1.
1153 4650 1175 4688 a.
1183 4636 1218 4700 3).
1251 4635 1261 4666 ⁸
1273 4635 1341 4702 App.
1350 4636 1437 4686 Mitbr.
1469 4636 1547 4686 ‘Liu
1558 4635 1601 4687 lib.
1613 4633 1637 4685 6.
1650 4652 1671 4686 c.
1681 4647 1720 4698 ²⁵·
