4534 5576
512 747 573 830 156
992 755 1195 811 ALBERICI
1223 753 1424 810 GENTILIS

510 1009 560 1063 est
600 997 755 1086 nomen1)
794 999 921 1082 pugnis,
960 999 1113 1074 calcibus,
1155 1010 1189 1066 et
1229 998 1332 1083 (quod
1376 1000 1538 1077 caninum,
1579 1009 1613 1063 et
1655 1001 1728 1082 lege
1766 1001 1906 1064 uetitum

510 1111 657 1198 athletis)
690 1114 850 1179 morsibus
859 1113 879 1190 2,
918 1133 1158 1196 corporumque
1201 1112 1436 1178 colluctatione
1476 1114 1650 1178 certabant
1662 1113 1684 1178 ³.
1740 1114 1906 1197 Quicquid

511 1223 731 1290 Tertullianus
768 1223 938 1288 hominem
977 1235 1074 1290 uocet
1111 1225 1234 1290 animal
1273 1224 1475 1302 edentulum,
1505 1233 1539 1288 et
1578 1244 1743 1306 exungue,
1775 1234 1810 1288 et
1848 1245 1908 1288 ex-

510 1333 638 1400 come4.
683 1335 751 1400 Sed
776 1357 859 1414 ecce,
880 1337 965 1420 quia,
992 1337 1054 1401 etsi
1077 1338 1193 1400 dentes
1224 1337 1334 1414 habet,
1358 1357 1560 1420 unguesque,
1582 1357 1648 1400 non
1671 1337 1710 1400 iis
1732 1337 1908 1400 instructus

509 1456 561 1510 est
588 1447 736 1524 sortibus,
765 1459 801 1512 ut
830 1459 907 1512 sunt
933 1448 1030 1527 serae,
1060 1458 1094 1512 et
1125 1449 1170 1512 ad
1194 1448 1324 1537 praelia
1356 1449 1463 1530 aptis3
1501 1468 1582 1511 mox
1615 1447 1781 1530 lapidibus
1810 1444 1908 1532 (quos

509 1579 575 1622 non
604 1562 710 1642 magis
739 1561 772 1623 in
802 1561 956 1642 legitimis
983 1561 1085 1625 armis
1116 1561 1279 1625 bellorum
1312 1581 1398 1625 nunc
1431 1569 1613 1638 numerant,
1639 1581 1740 1642 quam
1772 1559 1908 1642 ligones,

509 1690 668 1748 uomeres,
683 1670 792 1750 falces,
809 1681 844 1736 et
864 1673 930 1737 alia
951 1673 1021 1756 agri
1044 1672 1172 1737 colendi
1196 1673 1415 1736 instrumenta
1424 1669 1451 1760 ὁ)
1469 1673 1567 1749 saxis,
1585 1682 1620 1736 et
1642 1673 1741 1734 ramis
1765 1671 1909 1749 rudibus,

510 1782 587 1846 dein
615 1783 761 1860 sudibus,
791 1793 827 1848 et
854 1783 906 1848 his
935 1785 1061 1850 obustis
1091 1794 1216 1867 postea,
1248 1795 1281 1848 et
1311 1785 1417 1848 acutis
1446 1784 1621 1866 inspicatis,
1652 1785 1732 1848 item
1768 1783 1910 1866 sagittis.

511 1895 644 1977 Uirgae,
662 1896 782 1978 quibus
803 1907 949 1960 armatos
971 1896 1111 1980 legimus
1134 1896 1278 1962 Graecos
1300 1897 1506 1974 recentiores,
1526 1897 1673 1979 aliosque
1694 1896 1784 1978 apud
1809 1895 1908 1960 Clau·

510 2006 654 2083 dianum,
677 2009 818 2089 sagittae
843 2009 951 2072 suntss.
997 2007 1065 2072 Sed
1092 2018 1126 2073 et
1156 2009 1189 2072 in
1219 2010 1365 2072 exercitu
1397 2008 1499 2086 Darii,
1525 2007 1710 2086 Annibalis,
1738 2006 1909 2083 Catilinae,

509 2118 729 2181 ostenduntur
746 2120 854 2184 sudes.
898 2119 1050 2183 Tandem
1069 2141 1125 2184 aes
1143 2129 1309 2202 repertum
1328 2129 1363 2183 et
1381 2120 1535 2183 duratum
1544 2119 1567 2197 ⁷,
1580 2129 1615 2183 et
1632 2120 1710 2182 exin
1728 2119 1909 2182 deuentum

509 2231 553 2293 ad
572 2230 648 2294 ferri
668 2229 796 2295 usum⁸.
826 2240 860 2295 et
880 2230 970 2295 mille
993 2231 1154 2314 producta
1176 2240 1253 2296 sunt
1273 2237 1441 2295 armorum
1463 2251 1593 2314 genera,
1609 2241 1643 2295 et
1662 2240 1909 2295 tormentorum.

509 2341 666 2406 ‘Inuenit
696 2353 783 2408 artes
812 2343 948 2408 bellicas
972 2344 1108 2408 Mauors
1138 2365 1250 2422 nouas,
1274 2353 1307 2407 et
1323 2344 1414 2408 mille
1443 2343 1566 2408 formas
1596 2338 1753 2407 mortis⁹.'
1812 2341 1909 2423 Quae

509 2462 622 2517 tamen
651 2454 763 2516 omnia
790 2453 892 2517 armis
919 2453 1017 2517 huius
1046 2455 1119 2518 aeui
1150 2452 1280 2530 collata,
1306 2452 1458 2536 scloppis,
1485 2451 1685 2530 bombardis,
1712 2452 1781 2514 siue
1803 2447 1908 2536 (quod

509 2565 621 2629 retulit
640 2565 771 2648 Lipsius
794 2562 929 2652 nomen)
951 2563 1192 2644 ‘Lombardis'
1212 2575 1246 2629 et
1264 2566 1381 2647 frigere
1403 2565 1564 2643 uidentur,
1582 2573 1616 2628 et
1638 2563 1775 2646 puerilia
1792 2583 1863 2627 esse
1873 2561 1909 2624 ¹⁰.

510 2675 617 2755 Rude,
643 2675 787 2759 planum,
813 2677 957 2759 simplex
982 2677 1156 2758 antiquum
1181 2675 1329 2740 seculum
1339 2673 1372 2740 ¹¹.
1416 2675 1507 2759 Quid
1535 2677 1579 2739 ad
1609 2675 1691 2739 haec
1715 2683 1827 2738 nostra
1852 2684 1910 2738 aut

510 2787 565 2851 ille
581 2789 720 2853 dixisset
736 2787 916 2868 Uulcanus,
934 2789 990 2871 qui
1009 2789 1101 2852 Deus
1121 2797 1155 2852 et
1169 2808 1335 2852 armorum
1355 2788 1508 2851 inuentor
1525 2783 1814 2870 perhibebaturffl?
1859 2785 1909 2850 Ut

510 2898 576 2963 alia
605 2909 726 2980 tamen,
756 2910 856 2981 atque
885 2900 951 2963 alia
980 2898 1220 2981 excogitentur,
1249 2899 1369 2981 quibus
1399 2900 1512 2981 magis,
1544 2898 1723 2981 magisque,
1749 2896 1910 2962 terribiles

509 3010 661 3074 hostibus
683 3012 786 3073 simus
811 3021 845 3073 et
868 3031 1064 3074 noceamus:
1095 3019 1131 3074 ut
1153 3009 1280 3076 hostile
1294 3011 1409 3073 odium
1432 3010 1500 3074 iure
1521 3019 1659 3073 naturae
1681 3030 1797 3073 uacare
1819 3010 1909 3073 omni

511 3121 656 3198 crimine,
679 3120 765 3184 dixit
787 3121 843 3185 ille
865 3120 981 3185 Gallus
1002 3121 1091 3203 apud
1111 3122 1288 3185 Nicetam:
1320 3140 1386 3184 non
1409 3129 1521 3184 tamen
1547 3121 1627 3185 uarii
1654 3121 1731 3184 iuris
1755 3130 1807 3184 est
1827 3119 1910 3184 haec

510 3231 602 3294 uaria
625 3232 764 3294 nocendi
789 3231 958 3309 industria,
980 3240 1040 3294 aut
1065 3231 1143 3293 iuris
1170 3231 1279 3293 minus
1303 3231 1441 3312 antiqui.
1496 3231 1598 3295 Ratio
1622 3231 1757 3307 scilicet,
1780 3241 1838 3295 aut
1860 3231 1911 3294 ius

511 3342 660 3424 gentium
683 3362 749 3404 non
772 3341 883 3404 finitur
907 3350 1075 3423 tempore:
1109 3350 1145 3406 at
1170 3360 1276 3423 neque
1297 3340 1417 3405 loc0¹³·
1473 3341 1600 3424 Itaque,
1622 3344 1712 3425 quod
1738 3343 1789 3406 his
1816 3342 1912 3406 nouis

511 3455 611 3516 armis
634 3453 682 3516 usi
706 3453 848 3533 primum
872 3453 968 3517 certis
994 3453 1027 3516 in
1054 3451 1135 3517 locis
1157 3452 1267 3530 simus,
1286 3472 1352 3517 non
1370 3453 1408 3516 lit
1426 3463 1608 3536 propterea,
1627 3464 1664 3519 ut
1681 3453 1759 3518 alibi
1778 3453 1825 3518 uti
1844 3471 1911 3517 non

512 3565 616 3629 liceat.
663 3564 760 3646 Quae
778 3565 861 3628 ratio
883 3574 918 3628 et
939 3565 1080 3646 tempori
1099 3573 1189 3646 apta.
1235 3564 1298 3627 Est
1318 3564 1396 3628 iuris
1413 3566 1571 3647 gentium,
1591 3575 1626 3629 et
1643 3575 1801 3642 censetur,
1819 3565 1910 3647 quod

512 3697 532 3738 a
551 3676 709 3757 principio
729 3676 904 3757 probatum
927 3673 1032 3738 suit14.
1079 3673 1147 3739 Sed
1172 3674 1255 3739 ratio
1272 3674 1345 3758 ipsa
1365 3683 1415 3738 est
1438 3675 1506 3738 ius:
1532 3695 1619 3757 quae
1636 3675 1689 3739 hic
1712 3697 1732 3740 a
1749 3675 1911 3758 principio

511 3787 652 3851 nocendi
675 3786 824 3850 hostibus
834 3784 868 3851 ¹⁵.
913 3787 1061 3868 Tempus
1084 3806 1149 3850 non
1172 3785 1344 3868 distinguit
1364 3786 1415 3850 ius
1437 3793 1572 3850 naturae
1594 3787 1638 3850 ab
1660 3787 1734 3862 alio,
1754 3786 1812 3850 sed
1833 3806 1910 3850 con-

512 3898 679 3961 uenientia
687 3895 721 3962 ¹⁶.
766 3897 978 3980 Quamquam
997 3917 1118 3982 genera
1136 3917 1311 3974 armorum,
1327 3906 1361 3961 et
1376 3896 1516 3962 telorum
1537 3905 1650 3961 nostra
1664 3896 1812 3961 habeant
1830 3917 1910 3960 non-

512 4008 636 4074 nullam
659 4017 693 4072 et
715 4008 759 4072 ab
781 4010 978 4094 antiquitate
1000 4008 1242 4086 auctoritatem,
1265 4018 1299 4074 et
1321 4029 1341 4072 a
1362 4009 1465 4090 gestis
1489 4008 1589 4073 seculi
1612 4009 1718 4092 prisci.
1763 4010 1910 4074 Fuerunt

710 4234 719 4265 ¹
736 4235 824 4286 Cassio
846 4251 865 4286 1.
877 4236 934 4288 Uar.
947 4249 993 4296 30;
1008 4235 1091 4285 Dona.
1102 4235 1159 4284 Ter.
1173 4235 1253 4300 Hecy.
1462 4235 1472 4264 ²
1489 4235 1572 4286 Lucia.
1584 4235 1720 4288 Demonsc.

610 4315 889 4381 ¹Sen.Hipp.l.a45;
906 4317 1021 4379 Lucr.5;
1040 4317 1321 4382 Hor.1.Sat.3.l.99.
1483 4318 1576 4368 ‘Tere
1587 4319 1619 4369 de
1630 4321 1692 4370 Pell.
1703 4320 1747 4369 ubi
1759 4321 1813 4371 Iun.

527 4399 540 4432 ⁸
558 4400 634 4451 corn.
645 4416 669 4464 4.
680 4414 748 4450 cons.
762 4411 822 4464 1993
839 4399 908 4450 Tert.
919 4415 942 4462 4
953 4399 1010 4449 adu.
1022 4400 1104 4458 Man,
1121 4398 1179 4463 Tyr.
1191 4399 1244 4450 Ma.
1258 4414 1297 4462 14.
1362 4399 1373 4429 ⁸
1388 4400 1457 4466 Lips.
1469 4401 1577 4452 Poliorc.
1641 4401 1652 4434 ⁷
1669 4403 1738 4466 Mag.
1752 4417 1774 4470 3.
1786 4403 1859 4454 Misc.
1871 4417 1895 4466 3.

591 4479 785 4532 'CamProbl
885 4479 1016 4529 'Hesiod
1032 4493 1052 4529 1.
1064 4481 1140 4545 Oper.
1239 4481 1257 4511 ¹⁰
1274 4481 1463 4546 LipsPoliorc.
1561 4484 1578 4513 ¹¹
1596 4485 1649 4535 Bal.
1662 4499 1684 4548 3.
1697 4501 1766 4538 cons.
1780 4487 1834 4548 285.

552 4564 571 4595 ¹²
588 4564 673 4615 Suida.
731 4591 738 4598 ·
771 4563 789 4592 ¹³
806 4563 869 4614 Con.
885 4563 990 4613 1.Com.
1001 4561 1040 4612 Iu.
1053 4577 1083 4626 5;
1102 4561 1182 4612 Ball.
1198 4576 1234 4626 ¹3·
1246 4564 1276 4613 C.
1287 4564 1319 4616 de
1330 4573 1391 4615 sent.
1404 4569 1439 4630 (7.
1451 4568 1504 4631 45).
1604 4567 1621 4596 ¹⁴
1638 4569 1869 4619 Bal.Prooe.Cod.
1911 4593 1921 4600 -

743 4645 761 4674 ¹⁵
778 4645 795 4694 l.
807 4645 853 4694 ult.
864 4644 895 4694 de
907 4643 947 4694 bo,
960 4644 999 4693 da.
1012 4643 1058 4706 (D.
1071 4645 1111 4705 48.
1125 4645 1176 4707 πο).
1417 4647 1435 4678 ¹⁶
1452 4650 1515 4716 Eug.
1530 4663 1550 4702 ι,
1563 4666 1629 4700 cons.
1642 4664 1681 4714 53.
