4498 5566
457 701 501 761 44
946 692 1149 747 ALBERICI
1176 692 1376 746 GENTILIS

452 937 556 1015 ¹facto,
574 937 664 1018 quod
687 937 773 1000 inter
795 936 988 1020 religionum
1009 937 1216 1001 diuersitates
1238 936 1366 999 steterit
1389 934 1527 1007 medius,
1546 943 1579 999 et
1597 935 1764 998 neminem
1781 933 1860 998 ade-

458 1049 544 1130 gerit
562 1047 605 1112 ad
624 1068 728 1123 suam,
750 1049 897 1111 maxime
915 1048 1069 1112 claruisse
1087 1045 1319 1111 memoratur¹.
1364 1047 1476 1111 Etiam
1495 1047 1553 1121 aia,
1570 1046 1776 1124 Bellarmine,
1792 1054 1859 1109 tres

458 1159 546 1223 solos
564 1161 751 1241 permisisse
768 1160 914 1223 diuersas
933 1159 1117 1242 religiones,
1133 1159 1350 1236 Iouinianum,
1367 1157 1424 1241 qui
1448 1158 1663 1239 reprehensus
1680 1179 1700 1221 a
1720 1159 1859 1240 synodo,

459 1269 649 1343 Ualentem,
672 1272 728 1352 qui
751 1270 921 1349 Arrianus
946 1271 1119 1346 Iulianum,
1143 1272 1221 1353 quia
1243 1268 1421 1353 apostata?
1467 1267 1644 1333 Caeterum
1666 1279 1701 1333 et
1723 1290 1859 1352 respon-

458 1384 563 1460 detur,
578 1380 713 1445 cessisse
728 1369 788 1445 hos
804 1383 1017 1465 temporibus,
1029 1404 1114 1466 quos
1128 1391 1186 1447 aut
1202 1403 1264 1464 ego
1280 1384 1363 1461 dic0,
1373 1403 1507 1446 omnes:
1524 1391 1558 1446 et
1570 1383 1715 1446 diuersas
1727 1383 1773 1447 ita
1785 1402 1859 1465 per-

458 1493 585 1557 misisse
601 1492 783 1575 religiones.
822 1493 868 1558 Et
885 1495 933 1558 sic
949 1495 1103 1558 clausisse
1119 1494 1245 1576 templa
1261 1493 1424 1558 idolorum
1440 1504 1556 1577 postea
1577 1493 1840 1558 Constantinum.

500 1602 560 1667 Ad
587 1594 621 1668 id
648 1612 707 1682 est,
733 1605 823 1686 quod
851 1625 913 1688 ego
937 1607 1038 1669 etiam
1065 1607 1208 1687 disputo,
1232 1603 1412 1687 proboque.
1466 1604 1532 1688 Qui
1563 1605 1671 1684 uelim,
1694 1626 1714 1669 a
1737 1604 1860 1669 Princi-

458 1715 555 1797 pibus
588 1715 692 1779 curari
716 1715 814 1779 ualde
841 1716 1006 1797 religionis
1029 1717 1202 1780 unitatem.
1255 1714 1323 1780 Sed
1354 1725 1388 1779 et
1416 1716 1488 1794 hoc,
1511 1736 1612 1794 arma,
1635 1726 1668 1780 et
1695 1717 1860 1780 exercitus

457 1846 525 1889 non
543 1827 726 1909 comparari
742 1828 775 1889 in
791 1826 886 1891 ciuile
901 1826 1025 1890 bellum
1041 1837 1175 1910 propter
1190 1847 1290 1890 unam
1308 1825 1509 1909 religionem.
1548 1825 1646 1905 Nam,
1661 1827 1687 1889 si
1704 1827 1861 1910 puniendi

458 1937 525 2001 sint
539 1936 705 2015 haeretici,
722 1947 755 2001 et
774 1939 829 2020 qui
848 1937 882 2001 hi
901 1937 973 2017 sint,
990 1938 1055 2002 alia
1073 1939 1223 2021 quaestio
1242 1946 1311 2001 est:
1336 1947 1369 2000 et
1384 1958 1451 2001 non
1466 1938 1609 2019 pertinet
1624 1938 1667 2001 ad
1683 1947 1860 2002 tractatum

461 2059 620 2114 nostrum.
666 2048 851 2132 ‘Quicquid
870 2049 975 2128 fuerit,
995 2050 1029 2113 id
1048 2070 1148 2114 omne
1166 2050 1247 2114 citra
1265 2049 1390 2113 bellum
1414 2049 1503 2114 esto?
1548 2049 1594 2113 Et
1616 2050 1861 2113 meminerimus

460 2181 536 2226 cum
552 2159 752 2242 Augustino
768 2159 920 2225 haereses
943 2181 1009 2224 non
1032 2182 1162 2244 semper
1184 2159 1255 2226 tolli
1279 2181 1377 2244 posse
1399 2161 1525 2243 absque
1543 2159 1687 2243 periculo
1706 2160 1861 2244 reipubli-

460 2270 549 2336 cae2.
595 2272 708 2336 Etiam
728 2271 846 2336 Iuliani
866 2275 1008 2337 rationes
1029 2293 1096 2337 non
1118 2293 1234 2336 omnes
1252 2281 1329 2336 sunt
1345 2266 1474 2354 impiae,
1489 2271 1623 2336 ferentis
1639 2271 1862 2337 Christianam

461 2382 652 2466 religionem
678 2403 754 2447 cum
783 2406 843 2449 sua
869 2383 1001 2450 ethnica
1012 2385 1035 2449 ³.
1080 2385 1210 2448 Extant
1237 2385 1307 2447 eius
1333 2385 1466 2448 decreta
1495 2392 1528 2447 et
1557 2385 1716 2466 epistolae
1742 2387 1862 2467 quibus

461 2504 675 2570 contestatur,
691 2497 897 2561 coactionem
920 2518 955 2560 se
978 2495 1102 2560 nullam
1125 2495 1351 2559 adhibiturum
1368 2493 1586 2560 Christianis:
1609 2518 1693 2579 quos
1711 2498 1862 2562 nominat

463 2604 630 2671 Galilaeos
645 2606 713 2672 lere
727 2628 865 2690 semper.
908 2609 954 2673 Et
972 2610 1050 2692 quia
1067 2629 1151 2691 opus
1169 2609 1220 2686 sit,
1239 2608 1367 2684 docere,
1383 2627 1450 2670 non
1468 2609 1592 2690 punire,
1608 2619 1768 2673 amentes.
1816 2610 1862 2673 Et

462 2719 541 2800 quia
559 2715 640 2781 illud
658 2719 791 2797 sciebat,
810 2718 890 2782 nihil
909 2720 1019 2783 ualere
1036 2720 1105 2782 uim
1124 2720 1157 2782 in
1175 2720 1227 2783 his
1245 2719 1351 2798 rebus,
1369 2740 1455 2801 quae
1477 2730 1678 2803 promptum,
1694 2731 1728 2784 et
1746 2720 1862 2784 uolun-

462 2831 583 2893 tarium
598 2830 754 2894 iudicium
770 2831 967 2910 desiderant,
983 2832 1010 2895 si
1026 2831 1149 2895 debent
1165 2851 1236 2894 esse
1251 2840 1430 2914 perpetuae
1438 2829 1460 2895 ¹¹.
1504 2831 1655 2917 ‘Religio
1671 2853 1730 2896 sua
1746 2834 1863 2914 cuique

464 2942 619 3006 ‘uidetur
640 2942 787 3024 optima:
818 2952 855 3006 ut
877 2963 962 3026 quae
985 2963 1051 3006 non
1078 2944 1213 3021 ratione,
1236 2942 1295 3006 sed
1318 2942 1438 3007 affectu
1462 2943 1658 3008 diiudicetur
1675 2965 1696 3007 a
1718 2945 1863 3026 singulis,

463 3057 520 3118 ‘et
540 3074 561 3118 a
579 3063 696 3118 natura
719 3063 769 3118 est
791 3053 896 3118 indita
910 3050 932 3118 :'
956 3054 1061 3137 inquit
1080 3075 1140 3119 rex
1155 3055 1308 3138 Agrippa
1325 3052 1416 3131 Caio,
1436 3075 1478 3118 an
1503 3056 1573 3137 ipse
1595 3054 1690 3119 Philo
1712 3056 1863 3120 doctissi-

464 3164 582 3230 mus⁶l
623 3165 736 3230 Etiam
761 3166 795 3229 in
815 3187 864 3244 eo,
880 3167 969 3248 quod
993 3175 1099 3231 sectas
1120 3166 1266 3230 Iulianus
1289 3166 1322 3229 in
1345 3167 1417 3249 ipsa
1439 3177 1551 3231 nostra
1573 3167 1730 3248 religione
1749 3187 1863 3250 passus

464 3288 514 3343 est
529 3277 686 3361 fouitque,
701 3287 738 3342 ut
753 3278 796 3341 sit
811 3277 947 3342 discissa
962 3277 1150 3342 concideret
1165 3299 1224 3360 per
1238 3299 1281 3358 se,
1296 3280 1502 3361 propositum
1517 3279 1652 3360 quidem
1668 3299 1733 3343 non
1749 3277 1863 3344 laudes

464 3389 733 3467 abominandum,
742 3389 801 3452 sed
814 3391 984 3471 cognoscis
996 3401 1117 3468 tamen,
1128 3390 1302 3473 religiones
1314 3391 1460 3454 diuersas
1475 3389 1604 3454 tolerari
1620 3392 1654 3454 in
1670 3412 1735 3454 una
1746 3393 1864 3475 repub-

464 3501 527 3564 lica
536 3521 641 3582 posse.
661 3500 707 3564 Et
718 3520 816 3583 posse
826 3502 1022 3583 prudentem
1033 3501 1218 3584 Principem
1227 3501 1380 3566 omnibus
1395 3511 1483 3565 recte
1498 3511 1532 3565 et
1544 3499 1679 3584 pacifice
1692 3504 1864 3567 moderari.

466 3611 565 3676 Feret
589 3610 692 3675 malas
714 3613 758 3675 ad
780 3621 932 3694 tempus;
958 3612 1129 3690 coercebit,
1148 3623 1309 3695 quantum
1332 3613 1462 3695 poterit.
1503 3622 1540 3677 ut
1562 3614 1608 3677 sic
1628 3613 1865 3678 Constantinus

464 3724 546 3789 alias
561 3723 646 3803 tulit,
662 3723 721 3787 sed
738 3721 932 3787 Christianis
947 3723 1025 3788 solis
1041 3724 1201 3804 militiam,
1213 3735 1245 3789 et
1262 3724 1421 3807 reliquam
1437 3723 1674 3807 rempublicam
1688 3726 1863 3803 tribuebat,

465 3838 607 3901 necdum
633 3836 772 3918 puniens
800 3833 992 3900 Ethnicos⁶.
1039 3835 1094 3901 Sic
1118 3837 1327 3901 Theodosius
1354 3857 1502 3918 magnus,
1529 3836 1575 3900 sic
1602 3837 1700 3916 Zeno,
1727 3839 1773 3902 sic
1799 3837 1864 3902 alii.

467 3950 523 4015 Sic
546 3948 617 4031 ipse
643 3948 726 4026 Ioas,
749 3946 804 4012 alii
829 3946 960 4029 probati
985 3969 1077 4031 reges
1087 3947 1109 4012 ⁷.
1155 3948 1255 4031 Quid,
1276 3948 1366 4031 quod
1389 3947 1522 4012 alternis
1545 3947 1670 4012 uicibus
1693 3955 1727 4012 et
1749 3950 1866 4015 diebus

467 4059 644 4128 Christiani
671 4068 705 4124 et
733 4059 874 4142 gentiles
901 4059 1030 4124 Romae
1060 4058 1239 4124 orarunt⁸i
1293 4061 1340 4124 Et
1370 4080 1435 4124 non
1467 4078 1600 4123 necesse
1630 4080 1775 4142 unquam
1804 4061 1866 4126 suit

530 4329 641 4393 ιἈιιιια,
652 4338 695 4387 lib.
710 4352 748 4400 30.
760 4353 782 4386 c.
793 4352 818 4401 9.
920 4333 929 4363 ²
946 4336 1014 4397 Aug.
1027 4347 1050 4396 3.
1062 4349 1117 4383 con.
1129 4335 1210 4383 Purm.
1224 4348 1248 4381 a.
1350 4334 1360 4362 ³
1377 4335 1463 4384 Amm.
1478 4348 1516 4384 aa.
1529 4350 1550 4386 c.
1563 4349 1589 4399 ες
1609 4334 1678 4384 Eutr.
1693 4347 1730 4385 10.
1743 4349 1764 4385 c„
1776 4333 1800 4385 8.

626 4419 636 4450 ⁴
652 4420 709 4470 Nic.
721 4419 785 4470 Call.
798 4419 821 4467 8.
832 4417 891 4467 hist.
905 4430 943 4468 20.
1083 4415 1093 4446 ⁸
1110 4415 1173 4464 Phil.
1185 4417 1217 4466 de
1229 4416 1316 4480 legat.
1330 4421 1366 4479 (p.
1381 4419 1464 4478 1031).
1603 4416 1614 4446 ⁸
1630 4416 1705 4468 Cedr.

727 4501 737 4532 ⁷
756 4516 768 4549 a
781 4501 843 4564 Reg.
858 4513 897 4549 12.
1325 4497 1335 4527 ⁸
1351 4499 1425 4550 Oros.
1436 4499 1481 4552 lib.
1493 4517 1517 4565 4.
1529 4516 1551 4550 c.
1564 4509 1603 4563 17.
