4496 5578
470 711 513 792 48
957 721 1160 776 nassum
1188 721 1389 778 GENTILJS

474 964 679 1030 Christianus
697 966 767 1048 ipse
783 965 833 1029 uir
854 965 1016 1048 imperare
1038 984 1169 1049 pagano
1192 967 1351 1032 exercitui
1375 988 1441 1032 non
1459 976 1581 1050 posset.
1641 987 1718 1031 nam
1735 946 1871 1050 professi

473 1096 592 1140 nomen
613 1076 734 1141 Christi
753 1085 829 1141 sunt
849 1078 976 1150 milites,
995 1087 1027 1140 et
1046 1077 1193 1160 amplexi
1214 1076 1433 1142 Christianam
1454 1078 1663 1161 religionem:
1691 1088 1792 1161 atque
1811 1078 1871 1140 im-

473 1187 599 1270 perium
625 1187 795 1252 Iouiniano
818 1188 1033 1252 adfirmamnt
1043 1187 1064 1250 ¹.
1121 1187 1240 1252 Persae
1267 1188 1421 1254 Saraceni
1448 1199 1564 1253 contra
1590 1210 1656 1252 non
1684 1189 1872 1253 detulerunt

473 1298 646 1382 imperium
667 1300 700 1362 in
721 1320 757 1364 se
775 1299 899 1378 Turcis‚
914 1301 993 1383 quin
1014 1300 1048 1363 hi
1066 1301 1155 1384 prius
1173 1302 1217 1364 ad
1236 1299 1429 1384 religionem
1447 1321 1560 1364 eorum
1582 1321 1649 1364 non
1667 1301 1870 1378 accederent,

364 1427 366 1430 ·
473 1420 509 1475 ut
525 1411 572 1474 ita
598 1409 678 1474 mihi
704 1411 816 1475 scribit
841 1410 1031 1495 Onuphrius
1059 1412 1233 1488 PanuinuS,
1256 1412 1495 1476 eruditissimus
1518 1412 1587 1490 uir;
1621 1411 1795 1476 ‘Saraceni
1821 1411 1872 1475 his

474 1521 743 1586 ‘condicionibus
766 1522 893 1606 imperii
917 1543 1081 1587 summam
1105 1523 1221 1588 Turcis
1245 1522 1453 1605 reliquerunt,
1469 1531 1506 1586 ut
1530 1521 1715 1588 Mahumeti
1738 1532 1871 1600 sectam,

472 1633 610 1698 ‘relicta
626 1633 812 1698 idololatria
830 1635 1041 1717 susciperent,
1062 1634 1365 1716 Saracenorumque
1387 1633 1486 1698 sacris
1509 1633 1723 1698 initiarentur.
1782 1635 1872 1718 quod

473 1750 516 1810 ‘a
542 1754 642 1830 gente
666 1745 815 1820 barbara,
839 1755 873 1809 et
899 1745 1093 1811 dominandi
1117 1746 1307 1810 auidissima
1336 1744 1425 1809 haud
1456 1745 1631 1836 difficulter
1660 1745 1872 1828 impetratum

474 1866 549 1923 ‘est
558 1856 590 1924 ².'
636 1857 704 1923 Sed
723 1858 804 1922 haec
820 1878 883 1940 ego
902 1877 967 1921 non
984 1877 1139 1940 agnosco.
1185 1856 1230 1921 Et
1245 1857 1326 1921 illud
1345 1866 1427 1940 puto
1446 1857 1667 1934 memorabile,
1684 1859 1774 1940 quod
1794 1859 1874 1922 reci·
1991 1853 1997 1866 “

402 2007 403 2010 =
472 1978 524 2036 tat
544 1969 656 2049 Suida,
671 1970 816 2052 aliquem
835 1977 981 2032 mutasse
999 1969 1200 2051 religionem,
1216 1978 1252 2033 ut
1271 1969 1338 2053 regi
1358 1969 1522 2052 placeret:
1550 1979 1583 2033 et
1600 1990 1620 2034 a
1638 1989 1715 2052 rege
1735 1969 1872 2052 plexum

473 2081 583 2164 capite
605 2082 728 2160 statim,
741 2080 856 2163 'elogio
877 2080 1014 2158 addito;
1043 2080 1100 2145 ‘Si
1124 2080 1198 2144 Deo
1222 2079 1323 2145 fidem
1346 2101 1412 2146 non
1436 2081 1586 2157 seruasti,
1605 2083 1773 2163 quomodo
1795 2101 1874 2166 erga

475 2191 649 2257 ‘homines
667 2213 782 2256 sanam
805 2192 1040 2258 conscientiam
1065 2188 1257 2255 retineres?'
1303 2191 1378 2274 Ego
1399 2191 1520 2256 iustum
1545 2213 1610 2256 non
1633 2202 1723 2275 puto,
1738 2202 1775 2257 ut
1797 2193 1875 2257 sub·

474 2305 564 2369 ditus
586 2325 776 2388 supremum
799 2304 852 2369 hic
875 2313 972 2387 cogat
996 2303 1236 2386 magistratum.
1283 2305 1374 2369 Deus
1396 2313 1508 2387 potest
1527 2324 1662 2388 cogere:
1686 2306 1742 2388 qui
1761 2325 1875 2388 supre-

475 2439 548 2482 mus
572 2425 731 2501 superest.
785 2417 905 2498 Neque
928 2436 1043 2480 uerum
1069 2424 1127 2493 est,
1148 2416 1267 2498 ‘plecti
1291 2416 1453 2500 populum
1477 2426 1612 2500 propter
1633 2416 1714 2482 haec
1738 2425 1875 2500 peccata

473 2532 481 2564 ‘
497 2549 622 2612 regum,
636 2529 694 2593 sed
710 2537 845 2610 propter
860 2523 940 2590 sua'
985 2526 1031 2589 Et
1046 2527 1092 2590 sic
1107 2545 1198 2591 sacra
1215 2526 1332 2602 Biblia,
1349 2527 1419 2592 ‘Eo
1434 2528 1523 2611 quod
1541 2528 1746 2611 reliquissent
1764 2530 1873 2593 Deum

474 2642 659 2705 ‘maiorum
679 2635 833 2714 suorum,'
852 2640 894 2702 de
906 2639 978 2722 ipso
993 2638 1085 2704 aiunt
1101 2637 1223 2702 afflicto
1238 2639 1370 2720 populo,
1387 2650 1564 2722 postquam
1584 2641 1626 2703 de
1641 2639 1779 2704 Achazo
1798 2661 1875 2724 rege

473 2751 564 2815 idern
583 2751 755 2815 dixissent.
802 2750 848 2814 Et
867 2749 1099 2826 Tertullianus,
1115 2770 1214 2833 quem
1233 2770 1361 2833 sequor,
1377 2770 1438 2815 nec
1458 2750 1585 2832 probat,
1601 2751 1716 2816 obsisti
1736 2752 1874 2836 principi

474 2863 699 2946 statuentique
718 2863 760 2927 de
778 2862 935 2945 religione
953 2862 1101 2939 subditis,
1118 2862 1205 2937 audi,
1224 2862 1296 2926 ‘cui
1314 2860 1404 2925 bello
1422 2882 1488 2925 non
1508 2861 1626 2942 idonei,
1646 2883 1711 2926 non
1730 2863 1874 2947 prompti

475 2976 672 3041 ‘fuissemus
694 2975 795 3039 etiam
818 2975 960 3057 impares
983 2975 1094 3058 copiis,
1112 2974 1169 3057 qui
1191 2983 1263 3038 tam
1286 2973 1427 3038 libenter
1449 2973 1671 3038 trucidamur?
1728 2974 1795 3039 Sed
1819 2977 1875 3040 de-

475 3091 586 3154 ‘esset
603 3087 698 3152 nobis
714 3087 763 3151 uis
782 3107 1000 3164 numerorum,
1018 3095 1051 3150 et
1070 3085 1261 3170 copiarum?
1307 3085 1375 3152 Sed
1392 3085 1486 3165 absit,
1502 3095 1539 3150 ut
1554 3086 1622 3168 igni
1643 3085 1789 3151 humano
1804 3089 1875 3151 uin·

475 3203 484 3233 ‘
499 3201 626 3265 dicetur
640 3199 752 3264 diuina
767 3208 858 3264 secta
866 3197 897 3263 ³.’
943 3199 997 3263 De
1012 3219 1079 3281 quo
1094 3207 1128 3262 et
1145 3197 1332 3281 Cyprianus
1351 3197 1469 3276 hausit,
1485 3198 1664 3280 discipulus
1678 3198 1875 3290 'Tertulliani

474 3311 733 3377 studiosissimus
762 3319 797 3376 et
826 3311 988 3375 assiduus
1006 3307 1142 3375 lector⁴.
1188 3310 1234 3373 Et
1263 3310 1351 3374 hunc
1378 3311 1464 3389 audi,
1488 3309 1670 3394 ‘Quamuis
1696 3311 1815 3376 nimius
1842 3319 1876 3375 et

476 3424 652 3506 ‘copiosus
682 3431 793 3487 noster
822 3421 973 3504 populus,
995 3442 1061 3486 non
1092 3429 1205 3485 tamen
1232 3423 1389 3486 aduersus
1415 3422 1606 3486 uiolentiam
1638 3445 1673 3488 se
1700 3423 1875 3499 ulciscitur,

476 3533 642 3618 ‘patitun’
658 3533 733 3599 etc.⁵
777 3535 850 3598 Nec
869 3542 946 3596 sunt
969 3541 1068 3615 aptae
1088 3552 1249 3615 personae
1269 3532 1476 3597 subditorum
1497 3534 1559 3599 hic.
1604 3535 1722 3618 Atque
1739 3538 1782 3601 de
1800 3557 1877 3601 uere

476 3646 616 3711 subditis
645 3645 749 3728 accipi
780 3644 1007 3709 definitionem
1037 3644 1211 3718 admoneo,
1229 3664 1294 3706 non
1325 3644 1368 3706 de
1396 3643 1448 3708 his
1478 3646 1534 3727 qui
1561 3647 1743 3731 principem
1770 3649 1877 3714 omnis

475 3758 650 3842 potestatis
681 3778 747 3822 non
775 3755 910 3821 habent.
955 3765 993 3820 ut
1020 3755 1259 3838 Imperatorem
1287 3752 1444 3819 Germani
1471 3757 1518 3820 ita
1545 3778 1610 3822 non
1632 3759 1767 3826 habent.
1811 3782 1878 3825 non

477 3869 632 3953 Spartani
656 3869 734 3934 olim
757 3868 943 3934 habuerunt
966 3889 1060 3952 reges
1083 3887 1168 3933 suos.
1214 3888 1279 3931 non
1303 3887 1397 3950 reges
1419 3889 1496 3932 suos
1514 3871 1719 3952 temporibus
1739 3874 1877 3936 uetustis

476 3980 639 4065 Aegyptii
649 3982 669 4046 ⁶.
716 3982 770 4046 De
789 3981 927 4064 priuatis
947 4001 1078 4064 prorsus
1098 3979 1287 4044 hominibus
1308 3980 1456 4044 definitio
1475 3989 1544 4044 est:
1567 3981 1623 4062 qui
1647 3981 1726 4046 nihil
1749 4003 1783 4047 re
1806 3983 1877 4066 ipsa

476 4094 619 4158 retinent
640 4093 770 4176 publici.
817 4093 909 4157 Nihil
932 4104 983 4158 est
1006 4095 1094 4159 enim
1117 4093 1257 4157 retinere
1280 4100 1410 4156 tantum
1435 4093 1568 4156 nomine
1590 4101 1697 4158 tenus.
1742 4103 1779 4158 ut
1802 4095 1878 4158 reti-

476 4214 557 4271 nent
583 4205 705 4271 scilicet
732 4204 883 4270 ciuitates
909 4225 1033 4284 omnes,
1052 4213 1085 4270 et
1107 4203 1271 4268 honorarii
1295 4204 1389 4268 multi
1414 4204 1542 4283 alicubi,
1561 4205 1663 4270 ueluti
1686 4205 1719 4268 in
1743 4205 1877 4287 Anglia,

520 4481 528 4510 ¹
546 4481 619 4539 Zona
632 4479 717 4542 Cedr.;
729 4479 795 4531 Call.
811 4493 848 4528 ro.
858 4478 916 4528 hist.
929 4479 968 4539 38.
1140 4476 1150 4504 ²
1170 4478 1256 4528 Panui.
1265 4477 1297 4527 de
1309 4479 1373 4544 Imp.
1387 4479 1434 4529 Ro.
1596 4480 1605 4508 ³
1622 4479 1690 4530 Tert.
1706 4479 1782 4544 Apol.
1796 4489 1834 4542 37.

638 4562 647 4592 ⁴
665 4562 736 4612 Hier.
749 4562 780 4612 de
791 4561 880 4625 Script.
893 4561 937 4610 Ec.
950 4559 1019 4610 Tert.
1136 4560 1146 4588 ³
1163 4562 1237 4624 Cypr.
1250 4561 1281 4610 ad
1293 4560 1406 4611 Demetr.
1520 4561 1529 4590 ⁰
1546 4563 1622 4614 Diod.
1635 4562 1679 4613 lib.
1695 4578 1716 4612 a.
