4522 5570
461 705 503 786 84
604 777 607 782 ,
945 723 1147 777 Ataanrcs
1174 721 1374 777 caurum

457 984 517 1046 per
532 965 602 1029 uias
617 967 774 1049 publicas,
789 988 849 1033 nec
865 969 1016 1050 cuiquam
1033 965 1284 1050 prohibendus1.
1323 967 1369 1030 Et
1384 965 1466 1030 haec
1482 975 1518 1029 ut
1534 965 1718 1028 uindicetur
1733 964 1857 1042 iniuria,

459 1084 493 1139 et
517 1077 567 1140 ius
591 1087 727 1143 naturae
752 1085 923 1158 asseratur,
946 1079 1070 1144 bellum
1098 1080 1182 1143 iuste
1207 1078 1404 1142 mouebitur.
1458 1076 1573 1140 Audio
1598 1077 1671 1155 dici,
1694 1076 1858 1158 principes

459 1205 524 1249 non
548 1197 622 1252 tuto
644 1189 841 1272 peregrinari
864 1200 986 1255 tamen.
1032 1191 1078 1254 Et
1098 1191 1208 1273 itaque
1231 1199 1342 1273 petere
1360 1189 1476 1253 solitos
1494 1190 1537 1253 ab
1555 1189 1627 1252 aliis
1646 1185 1856 1271 principibus

457 1317 516 1380 per
538 1319 676 1382 quorum
699 1303 897 1367 territorium
921 1311 971 1366 est
995 1303 1150 1380 eundum,
1175 1312 1212 1366 ut
1234 1310 1398 1380 caueatur,
1421 1311 1494 1366 tuto
1517 1301 1675 1377 futurum,
1699 1309 1732 1364 et
1754 1299 1856 1362 libere

458 1409 528 1474 iter.
574 1413 620 1476 Et
638 1434 716 1477 uero
738 1414 766 1477 si
789 1415 850 1497 ipsi
873 1415 1036 1497 principes
1059 1415 1193 1497 aliquod
1212 1415 1279 1479 tale
1297 1414 1359 1479 sibi
1378 1415 1618 1479 constituerunt
1636 1414 1693 1491 ius,
1710 1432 1776 1475 non
1797 1419 1855 1488 est,

456 1541 514 1585 cur
529 1521 613 1588 alter
627 1527 766 1590 alterum
784 1528 893 1592 ualeat
910 1549 1063 1592 accusare
1081 1529 1158 1591 iuris
1174 1528 1323 1609 gentium
1341 1528 1432 1590 laesi.
1479 1526 1545 1591 Sed
1563 1534 1676 1589 tamen
1693 1524 1856 1606 Georgius

457 1634 685 1716 Buchananus
701 1649 834 1722 captum
854 1650 968 1703 contra
987 1641 1036 1704 ius
1054 1641 1204 1722 gentium
1224 1640 1384 1703 Iacobum
1403 1658 1514 1720 regem
1532 1637 1706 1703 Scotorum
1722 1637 1766 1700 ab
1781 1635 1856 1698 An-

455 1745 527 1827 glis,
541 1751 716 1832 appulsum
733 1753 765 1814 in
782 1751 873 1816 littus
888 1762 993 1817 terrae
1009 1752 1162 1834 Angliae,
1177 1752 1289 1816 scribit
1298 1751 1319 1816 ².

499 1860 597 1924 Nunc
621 1862 744 1944 reliqua
761 1883 948 1946 prosequor.
995 1865 1041 1928 Et
1063 1863 1106 1926 ad
1129 1873 1252 1946 portus,
1269 1872 1369 1945 atque
1392 1873 1595 1927 commeatus
1614 1862 1703 1944 quod
1726 1862 1855 1938 attinet,

454 1969 541 2033 iusta
557 1972 626 2034 uisa
642 1983 692 2037 est
712 1975 955 2057 Megarensium
972 1975 1145 2052 accusati0,
1161 1985 1195 2039 et
1213 1975 1375 2057 quaerela,
1391 1976 1480 2057 quod
1497 1983 1626 2057 praeter
1640 1975 1690 2037 ius
1705 1974 1853 2056 gentium

454 2082 545 2144 omni
568 2095 764 2166 commeatu,
788 2096 821 2150 et
844 2087 1050 2166 commercio,
1073 2108 1111 2151 ac
1134 2086 1294 2168 portubus
1317 2086 1572 2150 Atheniensium
1595 2085 1855 2168 prohiberentur.

454 2192 554 2254 etiam
571 2195 731 2258 creditum
747 2205 861 2259 contra
876 2196 1061 2260 libertatem
1078 2195 1236 2260 Graeciae
1246 2195 1268 2258 ³.
1305 2195 1393 2261 Sane
1407 2196 1462 2278 qui
1476 2196 1538 2258 ista
1553 2195 1647 2268 tollit,
1661 2195 1853 2257 societatem

453 2303 633 2369 humanam
644 2307 755 2372 laedit.
781 2308 818 2370 In
832 2309 991 2391 portubus
1003 2308 1100 2387 enim,
1110 2308 1383 2390 nauigationibus‚
1394 2307 1753 2384 communicationibus,
1764 2324 1852 2370 com·

453 2417 699 2482 modationibus
714 2419 859 2484 alternae
873 2420 1087 2484 humanitatis
1100 2429 1150 2483 est
1162 2440 1268 2483 nexus
1281 2420 1493 2484 firmissimus
1516 2420 1605 2501 quod
1618 2418 1854 2500 Trismegistus

453 2527 585 2592 dicebat
594 2529 617 2592 4.
663 2531 749 2595 ‘Hic
772 2541 912 2614 segetes,
932 2532 996 2596 illic
1016 2533 1152 2596 ueniunt
1169 2533 1295 2596 felicius
1318 2528 1456 2595 uuae⁵:'
1483 2541 1583 2613 atque
1601 2530 1695 2593 addit
1715 2529 1851 2605 Seneca,

454 2642 461 2672 ⁸
479 2639 532 2703 Ita
550 2641 582 2702 in
602 2642 752 2722 regiones
770 2644 933 2726 descripta
953 2653 1037 2722 sunt,
1052 2653 1090 2707 ut
1108 2645 1327 2707 necessarium
1347 2643 1539 2707 mortalibus
1559 2652 1645 2706 esset
1664 2642 1749 2704 inter
1764 2643 1853 2723 ipsos

454 2752 461 2780 ‘
477 2751 730 2816 commercium?
776 2753 821 2816 Et
836 2754 919 2817 alter
931 2754 1066 2836 plenius,
1078 2754 1128 2818 ‘Si
1142 2757 1214 2836 quis
1226 2755 1310 2818 adeo
1323 2765 1425 2818 tenax
1437 2754 1542 2830 fuerit,
1554 2762 1591 2816 ut
1602 2753 1690 2815 bona
1701 2751 1852 2815 distribui

455 2865 462 2893 ‘
478 2859 579 2925 nolit:
603 2863 633 2926 ei
652 2863 837 2927 cauendum
856 2865 925 2941 erit,
942 2885 983 2927 ne
1001 2865 1107 2945 legem
1127 2886 1185 2946 per
1200 2866 1314 2929 orbem
1330 2875 1489 2928 terrarum
1505 2864 1590 2927 ferat
1604 2863 1711 2927 omnis
1730 2863 1852 2944 impro-

455 2971 592 3036 ‘bitatis
614 2983 798 3038 auctorem:
830 2984 863 3039 et
882 2994 997 3039 omnes
1016 2995 1218 3056 congressus,
1237 2977 1348 3039 omnia
1367 2975 1563 3040 commercia
1581 2975 1728 3038 funditus
1746 2973 1852 3049 tollat,

453 3082 712 3149 ‘beneficentiae
738 3086 870 3149 diuinae
900 3087 1055 3168 ingratus.
1108 3087 1227 3168 Neque
1253 3086 1428 3150 obscurum
1455 3087 1606 3168 cuiquam
1634 3105 1705 3150 esse
1731 3093 1851 3168 potest,

453 3195 580 3258 ‘ullum
599 3215 619 3259 a
638 3196 750 3260 diuina
772 3197 980 3279 prouidentia
1003 3197 1127 3261 bonum
1151 3199 1303 3280 cuiquam
1327 3199 1525 3280 contingere,
1544 3207 1581 3261 ut
1599 3197 1688 3260 solus
1707 3217 1746 3260 eo
1765 3196 1851 3260 frua-

453 3307 538 3367 ‘tur.
585 3305 684 3388 Quod
711 3307 738 3370 si
765 3328 810 3370 ex
836 3328 943 3390 aequo
969 3309 1080 3372 omnia
1107 3309 1260 3372 omnibus
1283 3317 1400 3372 natura
1424 3309 1579 3387 dedisset,
1602 3308 1707 3371 mutui
1730 3307 1851 3371 amoris

453 3417 611 3480 ‘caussae
634 3416 790 3480 facillime
812 3419 1083 3500 praeciderentur.
1132 3420 1250 3502 ltaque
1274 3419 1398 3483 sactum
1425 3428 1462 3482 ut
1486 3429 1647 3502 petamus,
1672 3427 1706 3482 et
1733 3419 1850 3481 demus

453 3527 536 3608 ‘per
559 3527 646 3591 uices
668 3538 853 3610 perpetuas.
896 3529 996 3612 Quod
1020 3538 1071 3593 est
1093 3531 1257 3594 amicitiae
1283 3530 1348 3607 lex,
1370 3540 1405 3594 et
1427 3529 1595 3594 uinculum
1618 3527 1850 3592 firmissimum.

452 3636 533 3701 ‘Sic
551 3637 659 3702 telluri
678 3649 832 3722 praestat,
851 3649 889 3703 ut
907 3641 987 3704 mari
1006 3641 1199 3722 nauigetur:
1228 3640 1319 3718 mari,
1337 3650 1374 3704 ut
1392 3641 1425 3704 in
1444 3640 1561 3705 tellure
1579 3640 1785 3704 ambuletur:
1813 3647 1850 3702 ut

451 3747 611 3813 ‘flumina
644 3749 852 3833 longissimos
882 3771 993 3816 cursus
1024 3753 1056 3815 in
1087 3754 1233 3817 diuersas
1267 3761 1370 3816 terras
1404 3753 1588 3816 extendant
1597 3751 1627 3815 ὅ]
1684 3750 1731 3814 Et
1761 3749 1850 3812 idern

452 3858 588 3938 Seneca,
612 3861 764 3925 ‘Uentus
787 3862 940 3927 omnibus
967 3865 1052 3927 inter
1073 3885 1108 3928 se
1135 3864 1266 3947 populis
1293 3866 1525 3929 commercium
1553 3863 1655 3942 dedit,
1678 3872 1712 3926 et
1734 3871 1850 3944 gentes

451 3971 650 4054 ‘dissipatas
676 3974 756 4038 locis
781 3975 920 4040 miscuit.
954 3975 1069 4058 ingens
1096 3985 1232 4040 naturae
1255 3977 1460 4054 beneficium,
1483 3977 1509 4040 si
1537 3976 1617 4040 illud
1641 3976 1675 4038 in
1698 3975 1849 4037 iniuriam

450 4085 568 4146 ‘suam
580 4103 646 4148 non
663 4094 771 4149 uertat
781 4086 952 4151 hominum
968 4084 1098 4152 fur0r⁷.’
1121 4110 1224 4171 quum
1239 4089 1364 4152 scilicet
1376 4088 1550 4153 deficiente
1562 4097 1648 4153 terra
1660 4088 1702 4151 ad
1716 4085 1849 4149 iniurias

451 4193 613 4258 ‘aliorum
636 4196 668 4259 in
692 4215 816 4261 oceano
842 4199 956 4280 ignota
978 4209 1189 4280 quaeruntur.
1233 4199 1337 4264 Adde
1366 4200 1423 4264 illa
1453 4200 1609 4275 Philonis,
1641 4197 1784 4262 ‘Omnia
1814 4215 1850 4258 se

482 4482 491 4512 ¹
507 4485 524 4532 l.
539 4499 560 4534 a.
570 4500 593 4548 3.
604 4485 636 4535 de
646 4485 680 4536 di.
692 4499 725 4536 re.
735 4485 780 4548 (D.
790 4498 810 4536 1.
822 4486 857 4548 8).
923 4483 932 4510 ⁹
949 4482 1027 4532 Buch.
1042 4485 1109 4534 Hist.
1121 4486 1178 4535 Sco.
1193 4499 1229 4535 10.
1296 4489 1305 4517 ³
1322 4489 1398 4538 Diod.
1410 4488 1455 4539 lib.
1469 4502 1498 4536 1²
1512 4505 1532 4540 c.
1548 4501 1594 4552 39;
1611 4487 1665 4540 Plu.
1677 4487 1741 4538 Peri.
1752 4505 1773 4538 c.
1789 4502 1827 4551 ²9·

473 4565 588 4615 ‘Trism
600 4567 632 4616 ‹le
644 4566 693 4616 Na.
706 4567 769 4616 Deo.
842 4565 938 4628 'virg
954 4564 1079 4628 1.Georg.
1093 4579 1132 4628 54.
1199 4565 1283 4616 ‘Nic
1296 4567 1371 4632 Greg.
1384 4569 1428 4620 lib.
1441 4571 1464 4618 8.
1530 4568 1771 4632 'SenpNaQn
1786 4569 1823 4620 18.
