4498 5566
828 1951 1319 2051 PRAEFATIO.

956 2256 1201 2268 a—n-——u—-oe

429 2480 681 2556 Raunscnu'rn
704 2483 914 2578 nuperrime
939 2499 1016 2557 tam
1049 2485 1086 2556 in
1111 2483 1251 2582 Anglia
1277 2508 1390 2580 quam
1417 2483 1467 2553 in·
1483 2478 1592 2554 Italia
1610 2476 1776 2552 Alberici

376 2615 538 2692 Gentilis
559 2617 669 2703 fama,
689 2616 810 2690 uisum
836 2633 895 2691 est
912 2619 1120 2692 fautoribus
1142 2619 1366 2715 quibusdam
1388 2617 1617 2691 nostratibus
1641 2614 1775 2688 summi

377 2751 466 2823 iuris
493 2749 662 2838 consulti,
690 2752 907 2847 praesertim
940 2752 1230 2840 OxoniensibuS‚
1257 2778 1334 2827 non
1363 2752 1476 2827 modo
1503 2749 1626 2825 locum
1656 2747 1777 2846 sepul-

375 2900 482 2957 turae
506 2884 596 2970 eius,
624 2884 746 2958 adhuc
773 2884 993 2985 neglectum,
1017 2913 1200 2962 marmore
1226 2902 1266 2961 et
1292 2885 1483 2984 insculptis
1510 2885 1636 2959 uerbis
1662 2883 1777 2957 hone·

376 3033 486 3105 stare,
500 3016 568 3090 sed
585 3018 699 3090 etiam
717 3017 832 3095 libros
851 3021 931 3094 eius
951 3019 1015 3092 DE
1035 3021 1131 3094 IURE
1153 3021 1281 3108 Banu,
1296 3046 1392 3116 opus
1408 3019 1458 3092 ad
1474 3019 1670 3093 historiam
1688 3017 1777 3091 iuris

375 3152 544 3249 gentium
566 3168 666 3227 recte
689 3153 965 3252 intelligendam
988 3155 1139 3228 maximi
1166 3154 1317 3250 quidem
1338 3155 1526 3243 momenti,
1545 3153 1659 3229 hodie
1685 3178 1777 3226 uero

377 3311 530 3381 prorsus
564 3305 670 3362 extra
701 3291 962 3364 commercium
998 3305 1037 3364 et
1071 3289 1226 3363 eruditis
1260 3289 1374 3362 etiam
1409 3288 1623 3362 hominibus
1658 3313 1777 3385 paene

377 3420 557 3518 ignotum,
585 3423 710 3496 denuo
737 3424 774 3495 in
800 3421 920 3497 lucem
947 3423 1067 3497 edere.

427 3555 498 3630 Cui
542 3572 632 3632 uoto
675 3583 760 3631 cum
802 3557 914 3632 alacri
957 3558 1082 3632 animo
1125 3557 1343 3631 adnuissent
1386 3557 1478 3654 preli
1524 3556 1700 3655 Delegati
1740 3559 1777 3630 in

377 3685 636 3764 Uniuersitate
672 3690 892 3778 Oxoniensi,
926 3707 966 3764 et
1008 3689 1141 3764 librum
1181 3691 1280 3788 typis
1317 3690 1554 3765 Academicis
1596 3691 1779 3766 excuden-

377 3822 467 3895 dum
493 3823 734 3920 accepissent,
761 3825 936 3919 equidem
963 3848 1133 3897 recusare
1162 3848 1237 3897 non
1267 3824 1371 3920 potui
1398 3825 1488 3921 quin
1514 3851 1651 3901 novam
1682 3825 1778 3899 hanc

377 3956 502 4054 magni
545 3957 669 4053 operis
708 3955 910 4030 editionem
954 3980 1041 4028 cura
1080 3971 1119 4028 et
1157 3956 1282 4030 studio
1326 3958 1419 4031 meis
1463 3983 1575 4055 quam
1616 3959 1778 4031 maxime

377 4090 604 4164 adiuuarem.

428 4225 569 4300 Munus
595 4223 742 4321 suscepi
764 4249 838 4298 non
862 4224 942 4297 sine
971 4223 1163 4320 diligentia
1186 4221 1462 4318 perficiendum,
1483 4249 1598 4321 quum
1625 4250 1778 4298 necesse

378 4376 479 4434 esset
499 4358 602 4434 locos
628 4359 761 4432 citatos
788 4383 907 4455 paene
932 4355 1218 4430 innumerabiles
1245 4357 1283 4431 in
1310 4357 1401 4454 ipsis
1424 4357 1528 4432 libris
1551 4361 1650 4434 unde
1676 4361 1777 4435 ducti

377 4493 536 4568 fuissent
558 4493 731 4590 reperire,
751 4507 799 4580 et,
818 4492 922 4589 quod
945 4490 1245 4588 praetermiserat
1262 4489 1433 4579 Gentilis,
1452 4509 1644 4568 auctorum
1664 4497 1779 4570 nomi·
1854 4490 1857 4502 '

378 4629 488 4703 nibus
516 4651 692 4702 numeros
719 4628 782 4724 qui
809 4625 946 4715 titulos
979 4626 1110 4722 capita,
1137 4642 1218 4714 etc,
1245 4628 1468 4703 denotarent
1494 4652 1591 4702 nunc
1618 4629 1778 4725 primum

1068 4846 1089 4908 b
