4498 5566
434 741 474 792 22
917 733 1119 789 ALBERICI
1146 730 1346 789 GENTILIS

430 975 548 1040 statuit
578 971 641 1054 ille,
663 975 691 1038 si
717 995 738 1038 a
763 973 890 1038 latrone
921 995 971 1037 res
996 974 1085 1058 apud
1116 973 1288 1038 dominum
1318 973 1524 1055 ignorantem
1551 973 1735 1056 deponitur,
1761 975 1830 1038 iure

431 1087 581 1172 gentium
596 1086 833 1168 obligationem
849 1105 914 1149 non
929 1085 1097 1149 contrahi:
1120 1085 1181 1149 sed
1197 1086 1224 1149 si
1239 1085 1327 1167 apud
1343 1084 1453 1164 alium,
1469 1084 1617 1148 contrahi
1627 1082 1647 1149 ¹.
1693 1085 1747 1150 De
1764 1106 1830 1169 qua

431 1196 597 1263 sententia
611 1196 810 1262 contrarium
825 1197 923 1260 suerit
937 1196 1171 1274 definiendum,
1186 1196 1270 1260 latro
1287 1197 1375 1262 enim
1391 1196 1435 1260 ibi
1452 1215 1517 1260 non
1533 1204 1592 1274 est,
1604 1197 1659 1261 ubi
1675 1199 1830 1262 dominus

433 1327 500 1374 non
523 1317 581 1373 est.
627 1309 673 1372 Et
695 1327 755 1372 nec
777 1307 940 1372 latronem
963 1327 1039 1372 eurn
1063 1307 1214 1371 nominat
1236 1308 1374 1371 absente
1396 1307 1531 1371 domino
1556 1306 1829 1374 Iurisconsultus:

431 1428 468 1483 at
495 1419 608 1501 inquit,
631 1423 716 1482 ‘rern
742 1419 883 1502 accipiat
909 1420 944 1498 is,
967 1419 1023 1502 qui
1050 1418 1152 1497 dedit,
1175 1419 1204 1482 ei
1230 1419 1433 1484 restituenda
1459 1427 1545 1495 suut,
1573 1420 1630 1501 qui
1656 1415 1829 1502 deposuit?

432 1530 567 1596 Scilicet
589 1550 654 1594 non
678 1542 728 1596 est
750 1532 842 1610 latro,
866 1531 927 1594 nisi
950 1531 1128 1595 conuictus.
1152 1530 1182 1593 ei
1203 1540 1291 1595 certe
1312 1549 1379 1594 non
1402 1540 1453 1594 est
1475 1530 1568 1610 latro,
1591 1533 1647 1614 qui
1670 1541 1829 1615 tanquam

430 1661 452 1706 a
471 1661 537 1706 non
554 1641 682 1707 latrone
696 1643 798 1706 habet
807 1643 828 1707 ².
873 1643 920 1707 Et
935 1641 998 1706 hoc
1018 1651 1077 1720 est,
1093 1642 1183 1724 quod
1200 1642 1233 1704 in
1249 1642 1408 1724 principio
1424 1642 1552 1725 scripsit
1570 1643 1829 1723 Iurisconsultus,

431 1751 502 1817 eius
516 1773 595 1817 suae
610 1754 821 1836 inspectionis
836 1752 974 1817 alteram
991 1751 1077 1816 hanc
1092 1761 1221 1835 partem
1237 1773 1316 1830 esse,
1333 1771 1436 1836 quum
1454 1753 1503 1816 ius
1522 1754 1607 1818 inter
1622 1775 1677 1818 eos
1698 1765 1828 1819 tantum

431 1866 516 1930 inter
533 1885 618 1948 quos
640 1874 691 1929 est
714 1873 929 1944 contractum,
945 1864 1036 1928 nullo
1060 1865 1264 1928 extrinsecus
1284 1875 1441 1943 assumto,
1457 1867 1681 1930 aestimamus.
1726 1864 1828 1950 Quod

429 1978 531 2061 igitur
553 1978 621 2042 iure
636 1976 785 2060 gentium
808 1977 1011 2041 restituenda
1028 1997 1079 2040 res
1093 1974 1190 2040 fuerit
1206 1975 1366 2058 deposita,
1383 1977 1416 2040 id
1433 1976 1471 2040 fit
1486 1987 1523 2041 ut
1539 1997 1613 2040 cum
1630 1979 1827 2060 deponente,

432 2109 498 2153 non
514 2099 550 2153 ut
566 2108 641 2153 curn
657 2089 792 2153 latrone.
839 2090 928 2152 Nam
945 2088 1062 2152 latroni
1078 2087 1203 2152 restitui
1218 2096 1374 2170 negatur:
1401 2088 1651 2153 ‘scelestissimo
1669 2091 1828 2175 adempta

430 2198 560 2265 ‘sunta'
580 2210 614 2266 et
628 2200 714 2265 latro
730 2199 768 2264 fit
782 2207 953 2283 assumpta
969 2199 1094 2264 domini
1110 2199 1244 2263 demum
1260 2219 1409 2282 persona.
1443 2199 1611 2283 Spoliatus
1627 2201 1727 2264 etiarn
1743 2201 1828 2266 latro

431 2312 652 2377 restituendus
673 2320 752 2376 ante
778 2311 909 2377 omnia:
938 2311 998 2376 sed
1022 2311 1157 2392 quando
1168 2318 1300 2375 constat
1323 2331 1394 2374 esse
1416 2309 1589 2389 latronem,
1611 2321 1725 2376 contra
1747 2321 1797 2376 est
1807 2310 1829 2377 ³.

431 2416 542 2488 Affert
573 2421 784 2488 Hotomanus
813 2432 847 2487 et
877 2423 967 2504 quod
997 2421 1086 2505 apud
1118 2421 1294 2487 Caesarem
1325 2432 1384 2498 est,
1412 2421 1604 2486 ‘Liceretne
1633 2423 1758 2487 ciuibus
1784 2423 1828 2488 ad

429 2535 545 2599 ‘ciues
567 2534 695 2618 legatos
719 2535 850 2598 mittere
872 2534 962 2616 quod
985 2533 1087 2597 etiarn
1110 2532 1256 2616 fugitiuis
1276 2532 1319 2597 ab
1343 2531 1428 2596 saltu
1453 2531 1631 2615 Pyrenaeo,
1654 2534 1829 2616 praedoni·

430 2645 584 2728 ‘busque
602 2642 804 2710 licuisset⁴?’
848 2643 917 2710 Sed
942 2664 1048 2726 neque
1068 2644 1095 2707 is
1116 2645 1208 2709 locus
1230 2644 1408 2728 quicquam
1431 2655 1552 2710 mouet.
1597 2645 1718 2728 Neque
1740 2647 1828 2709 eninr

431 2757 603 2822 contendit
622 2756 753 2831 Caesar,
770 2753 820 2818 ius
838 2755 871 2818 in
888 2754 945 2819 illo
965 2755 1054 2819 iacto
1069 2754 1186 2818 fuisse:
1210 2756 1268 2818 sed
1290 2755 1400 2838 potius
1417 2757 1460 2820 ad
1480 2752 1635 2819 inuidiam
1654 2755 1828 2840 Pompeia·
1940 2771 1947 2786 ·

431 2887 549 2932 norum
575 2867 621 2931 sic
647 2867 743 2946 dixit,
766 2867 880 2930 datam
906 2875 940 2930 et
965 2865 1017 2930 his
1042 2866 1252 2930 securitatem
1279 2863 1460 2948 legationis,
1485 2865 1604 2948 quibus
1628 2866 1739 2930 danda
1761 2885 1828 2931 non

432 2979 556 3043 suerat:
579 2989 614 3044 et
635 2978 761 3044 ciuibus
779 2977 908 3041 interim
933 2995 998 3040 non
1019 2963 1159 3042 daretur.
1205 2977 1317 3041 Etiam
1339 2977 1419 3040 illud
1439 2978 1590 3060 imperite
1608 2977 1828 3056 Hotomanus,

431 3093 481 3154 ius
498 3091 646 3173 gentium
665 3099 700 3154 et
719 3109 795 3154 curn
814 3087 1033 3153 defectoribus
1052 3108 1132 3152 esse.
1178 3087 1277 3170 Quod
1299 3108 1442 3171 namque
1465 3088 1586 3152 Paulus
1608 3088 1716 3153 dicere
1737 3090 1828 3153 uide·

431 3211 492 3278 tur,
521 3199 721 3265 ‘defectores
745 3199 859 3263 hostes
885 3219 956 3264 esse
982 3219 1086 3282 usque
1113 3219 1164 3275 eo,
1190 3209 1227 3264 ut
1253 3199 1422 3263 ciuitatem
1449 3195 1624 3277 amittant,'
1651 3219 1718 3263 non
1747 3199 1827 3283 ipsis

431 3312 573 3378 consulit
594 3310 751 3393 profecto,
768 3319 825 3374 aut
848 3311 897 3373 ius
920 3329 1043 3373 nouum
1066 3310 1129 3374 hoc
1151 3309 1257 3374 defert
1280 3309 1439 3392 gentium.
1463 3320 1497 3374 et
1520 3329 1626 3394 neque
1649 3310 1772 3375 crimen
1792 3311 1827 3374 id

430 3423 519 3501 facit,
541 3432 598 3486 aut
620 3443 729 3506 poena
739 3421 761 3487 ⁵.
818 3421 933 3486 Unum
960 3440 1089 3498 moneo,
1112 3442 1153 3485 ne
1178 3423 1221 3486 de
1238 3419 1310 3486 aliis
1332 3421 1553 3485 defectoribus
1575 3421 1750 3504 quisquam
1773 3441 1828 3486 me

431 3535 549 3617 capiat,
565 3555 664 3616 quarn
688 3534 730 3598 de
751 3533 812 3612 his,
825 3534 883 3617 qui
906 3533 968 3596 sub
990 3533 1116 3596 ditione
1136 3533 1278 3598 fuerunt.
1324 3532 1391 3616 Qui
1415 3531 1502 3597 enirn
1525 3534 1569 3597 ab
1591 3533 1742 3612 amicitia,
1758 3533 1827 3598 foe·

431 3647 517 3724 dere,
533 3645 619 3708 corni
636 3644 738 3709 etiam
756 3645 915 3728 obsequio
932 3644 1130 3724 defecerunt,
1145 3644 1178 3708 hi
1200 3645 1268 3708 iura
1286 3645 1373 3724 belli,
1389 3654 1423 3709 et
1444 3645 1509 3708 alia
1531 3645 1681 3728 gentium
1704 3655 1826 3726 tenent,

431 3765 516 3821 teste
536 3757 625 3820 omni
644 3755 788 3820 historia.
835 3755 959 3834 Piratis,
975 3764 1008 3819 et
1025 3754 1246 3838 praedonibus
1265 3756 1355 3820 nulla
1374 3765 1509 3821 manent
1528 3757 1616 3820 iura:
1640 3756 1695 3839 qui
1717 3758 1828 3820 omnia

431 3869 501 3932 iura
516 3867 650 3932 uiolant.
696 3867 741 3932 Et
760 3868 954 3951 supradictis
973 3866 1161 3947 rationibus,
1178 3887 1243 3930 non
1258 3868 1347 3950 quod
1364 3867 1510 3950 pluribus
1526 3866 1721 3934 Alexander
1736 3869 1828 3932 naui·

429 3979 500 4056 bus,
518 3980 624 4062 pirata
639 3977 695 4042 ille
710 3999 913 4061 myoparone
934 3999 1001 4044 uno
1016 3978 1185 4043 infestaret
1203 3979 1313 4058 maria,
1330 3978 1489 4042 refutatur
1503 3977 1659 4062 quicquid
1680 3978 1827 4054 Cicero†

431 4109 485 4154 eas
500 4091 642 4154 rationes
657 4089 741 4154 sorte
764 4109 830 4154 non
850 4090 1052 4173 cogitauerit,
1067 4090 1123 4173 qui
1140 4109 1331 4172 responsum
1347 4089 1481 4153 laudare
1497 4092 1623 4172 piratae
1638 4091 1729 4155 uisus
1744 4101 1794 4156 est
1804 4092 1826 4156 ⁶.

358 4227 361 4233 ·
431 4202 477 4267 Et
498 4221 560 4265 nec
582 4199 799 4284 Augustinus,
816 4202 873 4284 qui
895 4203 1054 4266 ueraciter
1076 4211 1109 4265 et
1132 4202 1301 4284 eleganter
1322 4201 1456 4280 dictum,
1475 4211 1678 4266 contestatur
1686 4201 1710 4267 ⁷.
1754 4203 1827 4268 Nisi

429 4312 545 4377 seceris
567 4322 601 4376 et
623 4311 856 4376 Alexandrum
880 4314 987 4394 ipsum
1009 4311 1179 4389 latronem,
1201 4331 1300 4394 quem
1320 4312 1378 4376 alii
1401 4333 1533 4396 quoque
1555 4313 1602 4376 ita
1624 4312 1795 4396 appellant
1804 4310 1827 4390 ⁸,

530 4512 882 4578 ¹l31.depo.(D.16.13).
972 4509 1053 4560 'Bal
1067 4524 1088 4558 2.
1100 4525 1167 4560 cona
1182 4511 1237 4574 ³⁶4·
1248 4526 1305 4575 410.
1316 4519 1342 4561 et
1355 4526 1376 4574 3.
1388 4529 1456 4564 cons
1467 4529 1509 4577 44.
1521 4516 1729 4579 etacona480.

578 4595 588 4624 ⁸
604 4594 709 4659 Cephal.
720 4609 788 4645 cons.
800 4595 857 4657 685.
923 4594 932 4622 ⁶
948 4595 1021 4645 Caes.
1033 4607 1057 4656 3.
1068 4592 1144 4643 Ciuil.
1155 4607 1177 4643 c.
1191 4608 1229 4658 19.
1294 4594 1304 4624 ¹
1320 4596 1337 4646 1.
1351 4610 1373 4659 5.
1385 4597 1416 4645 de
1427 4613 1482 4664 cap.
1493 4598 1536 4648 mi.
1549 4599 1595 4660 (D.
1607 4616 1630 4662 4.
1642 4600 1678 4660 5).

428 4676 745 4742 ⁰Ci.3deRep.(c.1a).
798 4673 1067 4741 'Aug.4.deCiu.4
1123 4673 1827 4745 'roLuc.l.20;7Curt.c.8;Sen.1.deBenet'.13.
