4498 5566
465 690 506 762 28
951 706 1154 760 ALBERJCJ
1181 705 1380 760 oanrrrrs

464 945 472 976 ‘
488 943 621 1024 malum,
636 953 673 1009 ut
689 944 810 1010 milites
825 945 1066 1028 belligerentur,
1082 966 1182 1028 quam
1204 947 1231 1010 si
1254 946 1376 1010 saciant
1398 944 1530 1028 peiora!
1573 942 1805 1018 Tertullianus,
1821 940 1865 1004 ad

464 1053 617 1119 militiam
632 1075 698 1119 non
718 1065 870 1139 oportere
890 1037 1046 1121 accedere
1061 1068 1138 1140 post
1153 1057 1364 1139 baptismum,
1381 1063 1502 1120 censet.
1548 1055 1594 1119 Et
1617 1055 1650 1117 id
1673 1073 1777 1138 genus
1799 1050 1863 1115 alia

462 1163 528 1242 alii,
544 1185 629 1248 quae
651 1167 772 1232 tollunt
794 1166 929 1232 omnino
944 1167 1087 1232 bellum:
1111 1177 1145 1232 et
1163 1189 1248 1252 quae
1263 1187 1329 1232 non
1345 1187 1476 1250 semper
1492 1169 1579 1231 bene
1595 1165 1764 1230 diluuntur
1779 1184 1799 1227 a
1814 1181 1863 1224 re·

463 1275 671 1341 centioribus.
702 1277 760 1343 Ad
778 1279 936 1344 Basilium
952 1279 1032 1362 quid
1048 1301 1109 1344 nos
1124 1278 1286 1345 dicimus?
1314 1279 1406 1343 Num
1423 1299 1565 1342 canones
1580 1279 1649 1341 eius
1664 1277 1724 1340 uiri
1740 1273 1863 1338 inficia-

462 1385 558 1450 mur?
601 1387 674 1451 Aut
694 1389 898 1454 sacerdotale
918 1390 1043 1473 aliquid
1068 1399 1221 1455 notamus
1239 1387 1306 1453 ibi?
1351 1389 1497 1454 Clericus
1519 1388 1607 1452 enim
1630 1388 1751 1452 occidit
1774 1384 1863 1448 male

461 1517 592 1581 semper
609 1508 643 1563 et
665 1520 842 1583 paganum,
860 1510 895 1566 et
916 1500 1048 1568 hostem
1058 1500 1080 1566 ¹.
1125 1500 1199 1566 Aut
1217 1510 1347 1566 secutus
1366 1500 1582 1583 Phocylidem
1600 1509 1659 1578 est,
1678 1506 1862 1573 canentem,

462 1608 592 1674 ‘Etiam
608 1610 636 1675 si
649 1609 780 1676 hostem
797 1613 963 1688 occideris,
981 1632 1116 1677 manum
1131 1621 1223 1677 tuam
1241 1609 1380 1695 polluis'
1426 1612 1571 1694 Fugiunt
1588 1610 1712 1676 licitum
1729 1616 1864 1692 propter

461 1720 663 1786 uicinitatem
682 1723 795 1798 illiciti,
812 1723 865 1788 hic
884 1732 1018 1806 propter
1036 1723 1207 1787 solennem
1222 1722 1325 1788 illiciti
1344 1723 1618 1788 coniunctionem.
1663 1721 1719 1786 Sic
1742 1730 1776 1784 et
1796 1719 1861 1783 ius·

461 1833 643 1913 iurandum,
659 1843 693 1898 et
708 1833 799 1900 licita
814 1835 889 1899 alia.
935 1835 1072 1898 Maneat
1091 1833 1189 1918 igitur
1204 1836 1429 1915 constitutum,
1443 1835 1568 1900 bellum
1583 1833 1651 1918 geri
1667 1833 1750 1896 iuste
1766 1850 1862 1914 posse

460 1944 562 2009 etiam
584 1945 831 2026 uindicatiuum,
854 1954 888 2010 et
912 1945 1118 2010 offensiuum.
1163 1946 1302 2011 Docebo
1324 1947 1421 2024 enirn,
1441 1957 1475 2011 et
1497 1947 1530 2011 in
1553 1946 1605 2009 his
1628 1965 1699 2008 esse
1721 1941 1861 2007 delensi-

460 2075 559 2120 0nem
582 2077 723 2140 semper,
742 2058 769 2121 si
788 2057 874 2122 iusta
891 2066 975 2122 sunt.
1022 2058 1314 2141 Quemadmodum
1337 2067 1371 2122 et
1390 2058 1436 2124 M.
1451 2056 1589 2135 Tullius,
1605 2056 1708 2120 ‘Illae
1726 2055 1861 2138 quidem

461 2171 470 2200 ‘
484 2167 628 2247 iniuriae,
643 2189 728 2252 quae
743 2169 882 2234 nocendi
898 2190 1013 2235 caussa
1029 2170 1072 2233 de
1086 2169 1246 2234 industria
1261 2169 1448 2248 inseruntur,
1461 2190 1560 2252 saepe
1574 2190 1595 2232 a
1610 2177 1700 2232 metu
1717 2164 1862 2249 proficis-

461 2281 470 2312 ‘
484 2287 620 2344 cuntur:
639 2301 714 2344 cum
730 2281 757 2345 is
772 2283 828 2365 qui
843 2282 937 2346 alteri
953 2302 1070 2346 nocere
1085 2282 1210 2365 cogitat
1225 2281 1330 2360 timet,
1343 2303 1393 2357 ne,
1405 2281 1467 2345 nisi
1483 2281 1517 2345 id
1533 2279 1653 2357 lecerit,
1665 2279 1736 2362 ipse
1750 2276 1861 2359 aliquo

459 2389 645 2456 ‘afficiatur
661 2392 873 2458 incommodo
883 2391 914 2458 ²!
959 2392 1016 2458 Sic
1035 2392 1108 2476 capi
1124 2393 1248 2457 Baldus
1263 2391 1384 2456 habet:
1408 2413 1450 2456 ne
1465 2392 1590 2475 reliqua
1605 2399 1736 2474 praeter
1750 2407 1862 2452 neces-

459 2501 581 2565 sarium
603 2502 803 2569 defensionis
825 2503 991 2587 improbet
1015 2503 1109 2567 male.
1156 2502 1212 2569 Sic
1235 2503 1401 2586 Scaliger:
1431 2503 1487 2585 qui
1510 2502 1596 2566 iusta
1616 2502 1744 2565 AEneae
1767 2498 1862 2562 moli-

459 2611 549 2676 mina
578 2623 699 2695 censet,
729 2636 788 2698 per
815 2636 900 2699 quae
930 2615 1120 2681 tentabatur
1149 2625 1262 2680 tamen
1292 2614 1406 2678 alicnis
1437 2613 1544 2697 potiri,
1571 2622 1604 2677 et
1635 2613 1734 2676 Latio
1767 2611 1859 2674 Deos

460 2722 578 2789 inferre
587 2723 610 2788 ³.

1070 3029 1159 3103 CAP.
1188 3030 1256 3102 Vl,

871 3221 1019 3294 Bellum
1044 3222 1137 3294 iuste
1155 3221 1243 3318 geri
1265 3220 1447 3317 utrinque.

504 3428 581 3494 SED
599 3451 642 3494 an
657 3439 768 3514 potest
784 3429 852 3495 iure
869 3431 938 3512 geri
956 3430 1080 3494 bellum
1099 3430 1142 3493 ab
1161 3439 1300 3513 utraque
1318 3429 1434 3514 parte?
1479 3431 1585 3494 Notat
1601 3429 1860 3494 Piccolomineus

460 3541 668 3606 doctissimus
688 3542 808 3606 alicubi
823 3543 1069 3625 quaestionem:
1092 3542 1152 3605 sed
1175 3562 1241 3606 non
1264 3541 1411 3607 definita
1458 3542 1514 3605 Ex
1536 3542 1656 3605 nostris
1679 3540 1860 3623 Fulgosius,

460 3654 720 3736 repugnantibus
735 3654 880 3732 caeteris
895 3653 1018 3716 iustum
1034 3672 1106 3716 esse
1122 3651 1227 3716 uoluit
1237 3653 1258 3718 ⁵.
1297 3652 1344 3717 Et
1359 3653 1551 3736 Fulgosium
1566 3661 1696 3716 secutus
1707 3651 1861 3717 Alciatus

460 3774 603 3830 estnon
629 3787 697 3831 uno
722 3765 805 3830 loco.
850 3765 897 3829 Et
923 3784 986 3847 ego
1013 3764 1114 3830 etiam
1141 3784 1269 3848 sequor.
1315 3764 1382 3830 Sed
1409 3765 1455 3830 sic
1481 3775 1603 3842 tamen,
1627 3764 1654 3828 si
1680 3763 1860 3847 probabilis

459 3876 623 3943 dubitatio
645 3877 819 3944 intercedit
841 3878 883 3943 de
905 3875 1030 3943 iustitia
1053 3897 1195 3942 caussae.
1250 3877 1351 3960 Quod
1374 3885 1408 3940 et
1430 3877 1484 3941 alii
1509 3875 1621 3954 nostri,
1640 3883 1675 3939 et
1696 3873 1859 3957 Theologi

459 3998 692 4072 exposuerunt,
710 3988 866 4069 dicentes,
882 3989 1004 4054 iustum
1020 4010 1091 4054 esse
1107 4010 1152 4053 ex
1167 4008 1234 4054 una
1255 3997 1350 4071 parte
1365 4009 1451 4062 uere,
1468 3999 1504 4053 at
1525 4009 1568 4052 ex
1584 3987 1696 4066 altera,
1711 4008 1755 4051 ex
1772 3997 1860 4050 utra·

459 4120 523 4182 que
538 4122 597 4184 per
611 4101 830 4184 ignorantiam
846 4103 967 4166 iustam
976 4103 998 4166 ⁶.
1037 4102 1087 4166 Ut
1102 4121 1179 4166 ecce
1196 4101 1260 4164 Dei
1276 4120 1359 4164 uoce
1375 4101 1459 4163 iuste
1476 4099 1590 4163 Iudaei
1606 4099 1730 4163 bellurn
1746 4108 1861 4163 contra

574 4421 582 4450 ¹
599 4419 676 4470 Decr.
689 4432 710 4470 1.
722 4420 780 4470 dist.
793 4433 833 4482 50.
846 4434 882 4470 cc.
896 4432 918 4481 5.
930 4425 955 4468 et
968 4417 1006 4480 36.
1072 4417 1082 4446 ²
1099 4417 1153 4468 Cic.
1169 4429 1189 4466 1.
1201 4416 1232 4466 de
1244 4415 1293 4466 Off.
1306 4432 1327 4466 c.
1342 4429 1364 4479 7.
1430 4417 1440 4446 ⁸
1457 4416 1522 4467 Scal.
1535 4431 1557 4479 3.
1570 4417 1629 4467 Poe.
1642 4433 1663 4468 a.
1676 4424 1702 4468 et
1715 4432 1752 4468 11.

601 4501 610 4530 ‘
625 4502 692 4554 Pice.
704 4502 728 4553 6.
740 4500 796 4552 Ciu.
808 4501 873 4552 Phil.
887 4513 925 4552 ar.
1115 4499 1126 4527 ⁵
1142 4498 1199 4550 Alc.
1214 4513 1235 4548 2.
1246 4498 1334 4549 Parad.
1348 4512 1393 4556 τις
1413 4498 1431 4550 l.
1444 4513 1467 4562 5.
1479 4499 1510 4549 de
1522 4499 1578 4550 lust.
1593 4501 1638 4562 (D.
1653 4515 1674 4548 1.
1687 4502 1721 4563 r).

624 4583 635 4614 ⁸
650 4585 742 4636 Conar.
754 4585 817 4648 Reg.
829 4589 966 4648 peccatum,
980 4588 992 4643 ξ
1008 4582 1053 4638 18;
1071 4581 1124 4632 Sot.
1138 4596 1160 4646 5.
1171 4581 1202 4631 de
1214 4581 1275 4631 lust.
1288 4597 1312 4647 q.
1326 4595 1347 4632 1.
1359 4598 1382 4632 a.
1396 4591 1424 4646 7;
1442 4582 1509 4633 Vict.
1524 4596 1546 4646 5.
1559 4583 1653 4632 Relect
1667 4596 1705 4632 ao.
