4498 5566
478 702 501 759 4
967 689 1169 744 ALBERICI
1198 689 1398 744 GENTILIS

474 933 646 1014 promtius
666 935 756 1016 quod
779 955 944 998 armorum
963 932 1014 1019 (ut
1035 933 1090 997 ille
1113 932 1322 1020 inquiebat¹),
1344 933 1509 1017 strepitus,
1529 933 1634 998 audiri
1656 933 1755 1015 leges,
1776 933 1883 997 minus
1983 1025 1985 1028 Ι

474 1048 658 1130 permittit:
681 1057 739 1112 aut
754 1049 832 1130 quia
853 1050 900 1113 sic
918 1049 984 1112 sint
1005 1050 1157 1127 audaces,
1176 1058 1213 1112 ut
1235 1048 1393 1132 quicquid
1417 1049 1450 1112 id
1474 1047 1517 1112 sit
1540 1048 1625 1126 iuris,
1640 1046 1753 1129 palam
1776 1047 1883 1110 uindi-

475 1180 551 1224 care
575 1161 675 1224 armis
698 1169 733 1225 et
757 1159 887 1240 uiribus,
916 1182 984 1226 non
1009 1161 1212 1226 erubescant.
1267 1160 1467 1244 Antigonus,
1493 1179 1597 1241 quum
1623 1159 1652 1221 ei
1679 1157 1809 1222 libellus
1839 1158 1882 1222 de

475 1272 600 1337 iustitia
615 1293 635 1336 a
651 1271 853 1356 Philosopho
870 1275 1017 1356 quodam
1033 1273 1211 1352 offerretur,
1227 1273 1386 1339 stolidum
1401 1273 1494 1336 illum
1511 1293 1583 1337 esse
1601 1270 1769 1336 hominem
1785 1271 1882 1349 dixit,

475 1385 531 1465 qui
558 1384 628 1461 sibi,
653 1384 776 1448 alienas
802 1385 899 1450 urbes
925 1396 998 1451 tum
1024 1387 1178 1464 uastanti,
1201 1385 1457 1469 disceptationes
1483 1385 1527 1449 de
1553 1384 1678 1450 iustitia
1699 1381 1880 1448 scriberet2.

476 1496 523 1561 Et
539 1495 714 1578 Pompeius
734 1497 877 1579 Magnus
902 1497 1117 1576 Mamertinis,
1132 1497 1305 1580 priuilegia
1324 1499 1489 1580 quaedam
1508 1495 1773 1573 obtendentibus,
1789 1501 1881 1572 ‘non,
1962 1494 1964 1498 ’

473 1605 673 1687 ‘desinetis'
688 1610 867 1692 respondit,
879 1608 1008 1692 ‘gladio
1026 1609 1121 1674 nobis
1138 1609 1294 1674 accinctis
1312 1608 1448 1673 laudare
1459 1608 1549 1691 leges
1559 1609 1571 1646 ³
1581 1607 1606 1670 ?’

517 1720 591 1784 Erit
606 1729 641 1785 et
655 1720 712 1785 illa
729 1721 879 1785 subtilior
893 1723 1082 1804 disputatio,
1098 1723 1188 1806 quod
1207 1723 1263 1804 qui
1286 1722 1329 1786 de
1351 1722 1420 1786 iure
1438 1719 1544 1785 isthoc
1567 1720 1707 1784 naturali
1730 1719 1879 1802 gentium

472 1832 603 1897 tradere
629 1833 813 1913 uoluerunt,
837 1854 902 1898 non
929 1835 976 1899 illi
1003 1836 1138 1919 quidem
1162 1834 1307 1911 hebetes,
1329 1844 1389 1897 aut
1416 1833 1566 1915 improbi,
1588 1841 1625 1897 at
1653 1829 1880 1895 Iurisconsulti

470 1944 581 2023 nostri,
597 1946 630 2008 in
645 1945 791 2010 diuersas
808 1967 917 2029 saepe,
931 1955 1033 2030 atque
1056 1947 1235 2011 contrarias
1257 1946 1429 2030 opiniones
1446 1946 1606 2010 abierunt.
1653 1943 1722 2009 Adi
1745 1944 1878 2008 titulum

470 2076 582 2136 unum,
594 2066 696 2140 atque
706 2058 856 2138 alterum,
868 2059 937 2123 ‘De
947 2059 1153 2142 adquirendo
1165 2079 1273 2122 rerum
1286 2054 1452 2136 dominio,’
1464 2059 1520 2122 ‘de
1530 2056 1735 2139 adquirenda
1751 2077 1879 2139 posses·

471 2172 478 2201 ‘
493 2169 604 2248 sione,’
616 2171 780 2254 inquibus
795 2173 838 2236 de
854 2170 923 2236 iure
937 2173 1087 2255 gentium
1103 2172 1245 2236 traditur
1256 2171 1443 2255 plurimum,
1456 2180 1490 2235 et
1507 2170 1636 2234 notabis
1651 2170 1878 2246 dissensiones,

470 2301 553 2363 quas
569 2283 652 2347 dico.
690 2283 827 2349 Deiera
843 2283 1015 2349 uulnerata
1030 2284 1189 2349 Trebatio
1204 2284 1307 2363 aliter,
1324 2293 1358 2348 et
1373 2284 1445 2347 aliis
1460 2283 1556 2348 aliter
1572 2283 1679 2346 uisum
1694 2280 1793 2346 luit42
1818 2302 1878 2345 nec

469 2393 676 2476 legislatores
691 2397 902 2461 conueniunt.
932 2397 1021 2479 quod
1039 2418 1101 2480 ego
1116 2396 1223 2460 scribo
1240 2397 1272 2460 in
1288 2396 1395 2478 primo
1410 2395 1493 2459 libro
1510 2396 1565 2458 ‘de
1580 2395 1680 2458 armis
1696 2392 1877 2457 Romanis!

471 2504 525 2568 De
548 2525 583 2569 re
605 2527 649 2569 ex
671 2506 780 2571 aliena
803 2509 941 2572 materia
962 2509 1113 2573 conlecta
1139 2508 1363 2572 dissenserunt
1390 2517 1483 2571 totae
1509 2506 1641 2570 scholae
1651 2506 1673 2568 ⁵.
1720 2506 1765 2570 Et
1792 2527 1878 2588 quae

469 2616 580 2680 media
602 2618 767 2682 sententia
789 2620 929 2701 probata
945 2618 1072 2702 legibus
1091 2627 1150 2698 est,
1165 2618 1272 2702 ipsam
1288 2618 1471 2701 iniquitatis
1494 2618 1714 2682 condemnare
1737 2636 1802 2680 non
1826 2627 1877 2681 est

468 2728 592 2792 ueritus
612 2729 731 2792 nobilis
753 2740 869 2812 postea
885 2731 1179 2797 Iurisconsultusss:
1203 2732 1259 2813 qui
1282 2740 1315 2794 et
1334 2730 1413 2795 alibi
1432 2731 1562 2808 clamat,
1577 2750 1644 2794 non
1659 2749 1783 2812 aequas
1800 2729 1877 2792 sub·

467 2840 606 2905 tilitates
642 2849 793 2906 ueterum
823 2851 1005 2907 auctorum.
1066 2842 1111 2906 Et
1140 2842 1185 2906 de
1213 2843 1350 2924 pictura,
1380 2841 1560 2924 tabulaque
1589 2844 1680 2925 quod
1710 2850 1782 2906 erat
1812 2841 1876 2906 illis

467 2952 660 3017 conclusum
687 2953 853 3020 ueteribus
879 2955 969 3019 idem
997 2953 1170 3019 ridiculum
1193 2955 1300 3018 uisum
1326 2964 1376 3019 est
1401 2965 1517 3037 postea
1527 2955 1549 3020 ¹.
1595 2953 1685 3038 Quid
1709 2955 1752 3017 de
1773 2953 1876 3017 ferru-

469 3068 601 3134 minatis
633 3067 766 3133 dicam?
802 3078 836 3134 et
870 3070 1153 3152 quemadmodum
1185 3071 1228 3134 de
1259 3069 1310 3134 his
1343 3071 1593 3153 disputationes,
1624 3079 1726 3152 atque
1759 3068 1874 3133 defini·

465 3180 582 3259 tiones,
599 3179 684 3245 falso
703 3182 802 3246 nixae
824 3181 1050 3260 fundamento,
1066 3185 1198 3266 ineptae
1220 3183 1320 3247 hodie
1338 3181 1552 3278 appageant⁸.
1602 3181 1639 3247 Si
1658 3202 1758 3263 supra
1780 3190 1875 3245 tuum

466 3291 627 3372 parietem
645 3293 772 3356 uicinus
790 3293 1025 3369 aedificauerit,
1042 3293 1075 3357 id
1098 3294 1197 3358 uicini
1219 3315 1298 3369 esse,
1315 3293 1487 3359 Sabiniani
1509 3294 1757 3377 responderunt,
1779 3302 1872 3356 tuum

465 3404 656 3470 asserebant
683 3404 866 3469 Proculiani
875 3406 897 3471 ⁹.
942 3407 1034 3471 Num
1065 3415 1154 3471 certa
1180 3427 1240 3470 nec
1266 3407 1324 3471 illa
1350 3405 1411 3471 suit
1434 3407 1555 3490 regula,
1578 3415 1615 3470 ut
1637 3405 1709 3470 solo
1734 3405 1874 3482 cederet,

465 3516 554 3598 quod
579 3516 651 3580 solo
676 3516 869 3582 accederet?
926 3516 999 3582 Aut
1025 3538 1091 3582 non
1117 3518 1150 3581 in
1175 3517 1247 3582 solo
1273 3517 1397 3582 factum
1425 3517 1664 3582 existimabant
1691 3515 1874 3594 Sabiniani,

465 3629 556 3713 quod
579 3628 613 3691 in
634 3628 786 3693 aedificio
806 3629 930 3694 factum
955 3628 1063 3694 esset?
1110 3629 1294 3694 Proculiani
1318 3631 1454 3713 quidem
1480 3639 1603 3706 contra,
1628 3630 1742 3712 etqui
1769 3631 1873 3694 secuti

463 3749 550 3819 sunt,
567 3741 667 3805 etiam
688 3742 778 3823 quod
797 3742 830 3804 in
849 3741 1020 3806 arboribus
1038 3741 1162 3807 sactum
1183 3743 1234 3821 sit,
1251 3743 1285 3806 in
1306 3742 1376 3807 solo
1392 3743 1516 3808 factum
1534 3743 1728 3807 existimant
1738 3741 1773 3804 ¹⁰.
1819 3742 1874 3806 De

462 3853 589 3918 latente
618 3853 773 3918 thesauro
803 3855 905 3919 iidem
931 3853 1102 3920 Sabiniani
1133 3866 1249 3921 contra
1279 3856 1427 3933 Brutum,
1454 3866 1488 3921 et
1520 3855 1694 3920 Manilium
1724 3875 1869 3938 exposu-

463 3976 558 4030 erunt
568 3963 601 4034 ¹¹.
657 3967 704 4032 Et
732 3967 774 4032 de.
795 3968 933 4040 inuento
955 3977 1007 4033 tot
1029 3968 1132 4033 ferme
1156 3969 1338 4034 extiterunt
1355 3969 1551 4045 sententiae,
1575 3976 1657 4050 quot
1675 3967 1794 4049 capita.
1835 3975 1872 4030 ut

462 4080 496 4143 in
519 4079 755 4162 Disputatione
776 4099 851 4145 mea
869 4081 1000 4163 priuata
1023 4083 1065 4146 de
1088 4103 1127 4147 ea
1150 4102 1185 4145 re
1204 4103 1308 4147 narro.
1354 4080 1572 4164 Impossibile,
1588 4089 1621 4143 et
1642 4089 1757 4143 contra
1775 4087 1871 4142 natu·

528 4296 537 4326 ¹
555 4297 613 4347 Val.
624 4297 692 4347 Max.
703 4297 748 4348 lib.
762 4313 785 4362 5.
797 4315 818 4349 c.
831 4313 859 4355 23
878 4299 933 4350 Plu.
945 4297 1038 4364 apoph.
1049 4313 1099 4362 reg.
1113 4300 1182 4362 (πω.
1197 4303 1247 4361 20).
1357 4300 1367 4328 ¹
1385 4301 1452 4352 Plut.
1463 4299 1504 4350 De
1516 4299 1572 4350 sort.
1584 4300 1659 4350 Alex.
1672 4302 1741 4362 (33ο.
1753 4300 1806 4364 36).

461 4380 471 4410 ⁸
487 4379 553 4430 Plut.
565 4381 635 4430 Pom.
648 4382 777 4444 (427.14).
810 4382 819 4410 ⁴
835 4380 883 4443 l.5.
895 4381 936 4430 De
947 4396 1000 4444 aeq.
1013 4396 1058 4430 rer.
1071 4381 1137 4429 dom.
1151 4381 1196 4443 (D.
1205 4395 1245 4445 41.
1255 4382 1291 4445 1).
1325 4381 1335 4411 ¹
1352 4382 1369 4431 l.
1379 4393 1400 4446 7.
1407 4383 1439 4432 de
1450 4383 1507 4448 adq.
1518 4399 1564 4432 rer.
1576 4383 1660 4444 dom.;
1677 4382 1696 4430 l.
1709 4396 1748 4444 30.
1759 4383 1790 4433 de
1801 4398 1870 4433 usuc.

461 4463 507 4528 (D.
516 4478 557 4528 41.
569 4465 604 4526 3).
669 4461 680 4491 ⁸
696 4463 778 4513 Conn.
789 4461 834 4512 lib.
846 4477 869 4525 3.
881 4477 944 4512 com.
956 4463 989 4512 iu.
1001 4478 1022 4510 c.
1036 4477 1057 4524 3.
1071 4476 1094 4524 5.
1106 4462 1138 4522 6;
1155 4461 1200 4512 lib.
1213 4477 1250 4512 10.
1262 4480 1284 4515 e.
1296 4463 1320 4514 6.
1387 4463 1397 4492 ¹
1414 4464 1432 4514 l.
1442 4480 1465 4530 9.
1474 4465 1505 4514 de
1516 4465 1573 4529 adq.
1586 4481 1633 4514 rer.
1645 4463 1712 4514 dom.
1721 4465 1815 4528 (D.41.
1829 4465 1868 4537 ι)ἱ

560 4544 643 4597 Instit.
656 4559 679 4596 2.
691 4557 714 4596 1.
836 4543 846 4574 ¹
862 4545 918 4596 Alc.
930 4545 954 4595 6.
966 4545 1065 4610 Parerg.
1079 4559 1100 4594 c.
1113 4543 1136 4592 6.
1258 4547 1268 4577 ⁹
1287 4546 1304 4596 l.
1318 4548 1355 4596 28.
1369 4547 1400 4596 de
1411 4547 1468 4611 adq.
1480 4563 1526 4597 rer.
1537 4547 1605 4597 dom.
1617 4548 1664 4612 (D.
1676 4561 1717 4611 41.
1733 4549 1767 4610 1).

525 4628 544 4660 ¹⁰
560 4630 578 4680 1.
592 4640 613 4694 7.
625 4631 649 4679 8.
661 4643 685 4695 9.
698 4642 736 4680 10.
751 4641 788 4677 11.
800 4628 866 4693 quod
878 4628 912 4678 ui.
924 4627 1050 4678 antelam.
1064 4627 1110 4691 (D.
1123 4641 1162 4692 43.
1176 4629 1228 4692 24).
1361 4628 1379 4659 ¹¹
1396 4629 1414 4680 1.
1427 4645 1449 4694 3.
1461 4630 1492 4681 de
1504 4632 1560 4696 adq.
1572 4647 1639 4696 poss.
1653 4631 1698 4694 (D.
1710 4645 1750 4695 41.
1767 4631 1803 4694 a).
