4522 5570
490 750 549 796 112
973 734 1176 788 ALBERICI
1205 733 1406 788 GENTILIS

485 986 578 1067 quasi
595 985 820 1061 constitutum,
836 975 895 1066 per
909 982 1103 1047 charitatem
1119 980 1244 1062 patriae
1260 988 1293 1042 et
1308 978 1484 1060 sanguinis,
1499 998 1521 1041 a
1537 976 1695 1059 Gregorio
1712 997 1798 1059 papa
1814 977 1884 1040 uiro

486 1096 662 1172 Germano,
680 1105 714 1159 et
736 1094 878 1159 Othonis
901 1102 1043 1175 cognato
1067 1091 1172 1155 tertii:
1196 1091 1257 1154 sub
1276 1109 1342 1172 quo
1360 1110 1400 1152 ea
1418 1090 1460 1152 de
1479 1109 1513 1151 re
1531 1089 1739 1170 septemuiris
1757 1089 1884 1152 sanctio

485 1206 553 1270 lata
576 1207 693 1269 dicitur
702 1205 723 1268 ¹.
769 1204 818 1268 At
837 1225 899 1287 ego
917 1205 961 1267 ad
980 1203 1061 1266 istas
1079 1222 1144 1264 non
1162 1202 1247 1264 abeo
1265 1201 1484 1282 quaestiones.
1530 1200 1609 1264 Post
1630 1199 1786 1264 Carolum
1807 1201 1884 1264 licet

484 1319 705 1381 intermissum
732 1337 752 1379 a
777 1316 916 1398 posteris
947 1315 1015 1378 eius
1043 1313 1186 1377 Romani
1217 1331 1338 1375 nomen
1365 1311 1516 1374 uideatur
1542 1311 1670 1392 imperii
1697 1332 1756 1394 per
1780 1332 1884 1376 annos

485 1430 588 1492 serme
610 1429 794 1510 sexaginta,
818 1428 852 1490 id
875 1436 987 1491 tamen
1008 1426 1055 1489 ita
1077 1445 1142 1488 non
1165 1434 1225 1487 est.
1257 1444 1333 1486 nam
1353 1433 1386 1485 et
1406 1423 1492 1504 Ugo,
1513 1422 1686 1501 Rodulsus,
1707 1423 1884 1487 Lotharius

484 1541 649 1604 interdurn
672 1540 733 1603 sibi
753 1549 966 1616 asseruerunt,
982 1548 1015 1601 et
1035 1537 1268 1618 occupantium
1290 1535 1532 1616 possessionem
1551 1533 1782 1616 abrupemnt2.
1828 1534 1884 1599 Sic

485 1653 552 1715 duo
580 1653 794 1733 imperatores
817 1651 917 1714 creari
942 1649 1029 1713 soliti
1055 1669 1114 1730 per
1140 1669 1179 1710 ea
1201 1657 1359 1728 tempora,
1377 1645 1462 1708 alter
1483 1645 1516 1707 in
1540 1644 1724 1724 Germania,
1744 1645 1829 1709 alter
1850 1647 1883 1709 in

487 1761 616 1825 Italia³.
663 1761 718 1826 Sic
740 1763 783 1824 ad
809 1761 989 1824 Henricum
1009 1780 1111 1842 usque
1133 1758 1275 1841 primum
1297 1777 1356 1838 per
1381 1755 1543 1819 masculos
1565 1776 1697 1837 semper
1718 1758 1760 1820 de
1783 1759 1885 1840 stirpe

487 1873 595 1938 Caroli
619 1874 783 1950 exstitere,
803 1883 836 1936 et
859 1872 1005 1936 coronati
1029 1870 1095 1934 fere
1121 1890 1236 1933 omnes
1247 1867 1269 1932 ⁴.
1314 1867 1408 1931 Licet
1435 1868 1536 1930 etiarn
1559 1867 1741 1930 tenuissent
1766 1878 1885 1950 pacate

486 1985 674 2067 Berengarii
706 1985 878 2067 imperium
909 1995 1017 2048 totum
1050 1981 1291 2064 Longobardici
1318 1979 1485 2060 sanguinis
1512 1979 1684 2060 principes,
1712 1999 1777 2042 non
1808 1981 1884 2043 ideo

485 2098 583 2160 desiit
599 2097 771 2178 imperium
787 2105 909 2172 tamen,
924 2094 1048 2157 familia
1065 2091 1175 2159 Caroli
1193 2112 1260 2154 non
1279 2092 1471 2173 imperante.
1516 2090 1593 2152 Non
1609 2098 1659 2153 est
1673 2088 1763 2153 aliud
1779 2091 1884 2173 impe·

487 2209 569 2272 rium
585 2208 755 2271 desinente
767 2206 891 2270 familia
904 2206 1083 2271 Caesarum
1100 2206 1270 2286 imperare.
1304 2204 1382 2266 Non
1398 2210 1448 2264 est
1464 2201 1552 2264 aliud
1569 2201 1742 2282 imperium
1758 2212 1885 2266 mutata

486 2321 565 2383 sede
587 2320 724 2400 imperii.
780 2319 957 2400 Imperium
986 2318 1114 2380 Romae
1137 2317 1234 2389 idem,
1259 2324 1292 2379 et
1316 2311 1613 2393 Constantinopoli,
1636 2322 1670 2374 et
1694 2313 1882 2388 Rauennae,

486 2441 519 2494 et
543 2431 678 2513 Pragae.
731 2430 879 2493 Auctum
903 2430 936 2492 in
960 2428 1191 2510 Septentrione
1215 2436 1273 2504 est,
1296 2425 1386 2507 quod
1408 2425 1608 2487 diminutum
1630 2422 1708 2486 alibi
1732 2434 1782 2487 est
1804 2445 1884 2506 gen·

485 2543 577 2620 tium,
592 2551 627 2606 et
647 2551 776 2605 tantum
798 2561 863 2604 non
882 2539 1036 2604 deletum.
1082 2539 1127 2602 Et
1141 2538 1263 2600 alluuio
1278 2537 1442 2619 quaedam
1460 2535 1513 2599 hic
1530 2544 1579 2597 est
1594 2534 1689 2599 sacta.
1719 2535 1825 2617 qualis
1846 2536 1884 2598 fit

486 2654 677 2718 naturaliter
703 2672 959 2733 nonnumquam,
986 2659 1023 2714 ut
1052 2659 1166 2732 pereat
1191 2669 1270 2731 ager
1295 2647 1338 2710 ab
1364 2668 1430 2709 una
1455 2656 1558 2728 parte,
1584 2647 1640 2727 qui
1667 2665 1725 2727 per
1746 2647 1884 2710 alteram

485 2775 628 2829 crescat:
661 2774 695 2827 et
722 2765 811 2827 idem
837 2772 950 2825 manet
976 2781 1054 2844 ager
1063 2760 1084 2824 ⁶.
1126 2760 1215 2824 idem
1238 2767 1352 2822 manet
1375 2777 1473 2834 mare,
1495 2758 1584 2839 quod
1608 2767 1737 2838 partem
1763 2757 1882 2822 alicubi

485 2876 606 2940 deserit
628 2885 743 2953 terrae,
766 2883 800 2938 et
822 2883 950 2955 partem
972 2871 1051 2935 alibi
1074 2872 1170 2954 capit.
1198 2871 1287 2934 idem
1310 2879 1361 2933 est
1384 2869 1507 2931 flumen
1530 2889 1668 2950 quoque,
1693 2869 1754 2932 etsi
1777 2879 1884 2933 mutet

485 2987 625 3050 alueum.
671 2986 733 3048 Est
753 2984 943 3048 Romanum
962 2983 1134 3065 imperium
1153 3001 1290 3062 semper,
1306 2981 1367 3044 etsi
1385 2988 1530 3043 transeat
1552 3001 1573 3043 a
1596 2979 1726 3061 regibus
1745 2981 1787 3043 ad
1807 3000 1884 3043 con·

486 3098 581 3176 sules,
607 3119 627 3160 a
653 3095 840 3160 consulibus
866 3095 909 3158 ad
936 3095 1158 3176 imperatores.
1215 3093 1260 3156 Et
1286 3092 1437 3174 quamuis
1464 3091 1516 3154 isti
1543 3091 1758 3171 imperatores
1784 3092 1884 3155 modo

485 3210 688 3273 successione
711 3208 784 3284 sint,
803 3207 904 3269 modo
923 3205 1101 3269 electione:
1124 3214 1223 3286 atque
1244 3204 1306 3267 hac
1326 3204 1427 3266 modo
1451 3203 1600 3280 militum,
1619 3202 1720 3265 modo
1742 3211 1885 3279 senatus,

485 3331 519 3385 et
542 3340 628 3383 nunc
651 3319 767 3381 honrrn
786 3316 1031 3400 septemuirum.
1078 3316 1199 3379 Forma
1221 3315 1348 3398 imperii
1373 3314 1517 3377 Romani
1541 3322 1670 3376 mutata
1692 3322 1742 3377 est
1765 3334 1883 3395 saepe:

484 3434 542 3496 sed
560 3433 750 3494 Romanum
773 3429 945 3511 imperium
967 3435 1080 3490 manet
1097 3447 1235 3508 semper.
1281 3427 1415 3488 Nouum
1435 3426 1607 3506 imperium
1625 3424 1721 3488 suita
1739 3424 1884 3488 Romulo

486 3545 696 3607 Romanum:
719 3542 808 3624 quod
831 3541 1012 3603 deductum
1028 3549 1061 3602 et
1081 3539 1272 3603 deiunctum
1292 3559 1335 3601 ex
1350 3537 1494 3613 Alban0,
1514 3558 1572 3619 per
1592 3557 1628 3599 se
1646 3537 1738 3600 stetit
1761 3546 1794 3600 et
1817 3556 1884 3600 cre·

485 3655 542 3719 uit.
589 3655 635 3718 Et
658 3654 754 3718 desiit
777 3653 948 3716 Albanum
971 3671 1051 3729 esse,
1073 3652 1161 3732 quod
1185 3669 1333 3713 euersum
1356 3669 1376 3711 a
1397 3648 1503 3726 Tullo,
1527 3648 1763 3711 transuelatum
1786 3650 1884 3730 inque

484 3776 693 3849 corporatum
717 3765 778 3828 fuit
800 3765 833 3826 in
857 3765 1055 3827 Romanum.
1102 3761 1157 3825 Sic
1172 3761 1266 3824 unita
1287 3760 1423 3825 ecclesia
1445 3759 1539 3822 alteri
1562 3760 1682 3823 desinit
1709 3760 1780 3841 ipsa
1801 3779 1882 3823 esse.

484 3880 531 3942 sic
550 3878 639 3961 quod
655 3877 688 3940 in
704 3877 844 3940 alterum
860 3873 1103 3939 transferaturt
1149 3873 1325 3937 Desierunt
1340 3881 1391 3935 tot
1411 3871 1475 3934 alia
1496 3891 1597 3952 regna
1619 3879 1652 3934 et
1671 3869 1883 3952 respublicae,

484 4009 569 4073 quae
595 4009 751 4071 oppressa
780 3987 880 4051 armis
912 3987 1140 4050 Romanorum
1166 3983 1318 4062 luerunt3
1357 3993 1390 4047 et
1416 3984 1459 4047 de
1485 3983 1637 4059 dominis
1664 3983 1734 4046 siue
1765 3982 1883 4061 liberis,

485 4102 573 4166 sacta
595 4111 671 4165 sunt
690 4121 784 4164 serua
793 4100 815 4164 ⁷.
861 4098 916 4163 Sic
935 4099 1018 4162 alius
1042 4098 1090 4173 fit,
1109 4105 1142 4160 et
1165 4095 1285 4160 desinit
1309 4115 1388 4172 esse,
1405 4097 1461 4177 qui
1483 4116 1596 4158 semus
1619 4096 1666 4160 fit.
1697 4104 1734 4159 ut
1757 4104 1882 4169 contra,

484 4222 540 4303 qui
564 4221 601 4284 fit
624 4221 667 4284 de
688 4240 783 4284 seruo
805 4220 896 4297 liber,
919 4228 953 4280 et
975 4217 1057 4280 alius
1079 4216 1126 4293 fit,
1145 4225 1179 4279 et
1201 4235 1287 4279 nunc
1310 4235 1382 4279 esse
1404 4215 1539 4297 incipiat
1550 4213 1573 4278 ⁸.
1619 4213 1674 4278 Sic
1698 4225 1731 4278 et
1754 4213 1881 4289 fluuius,

633 4417 641 4446 ¹
658 4417 754 4468 Bonfin.
768 4431 790 4468 1.
802 4417 867 4481 Ung.
882 4429 924 4472 10;
942 4415 1082 4477 Guicc.13.
1181 4413 1190 4442 ²
1208 4413 1271 4478 Ego.
1283 4413 1328 4464 lib.
1342 4429 1364 4476 3.
1475 4415 1484 4445 ³
1502 4414 1563 4463 lust.
1577 4429 1598 4462 1.
1610 4415 1676 4463 Anu.
1688 4415 1735 4465 Ge.

724 4499 811 4549 ‘Bell
823 4498 854 4548 de
865 4499 924 4547 Tra.
935 4498 1000 4562 Imp.
1011 4497 1055 4546 lib.
1069 4511 1091 4545 a.
1103 4511 1125 4546 c.
1139 4510 1160 4546 1.
1258 4495 1303 4546 ll.
1315 4495 1355 4561 64.
1367 4497 1399 4547 de
1410 4497 1483 4547 euict.
1495 4497 1541 4558 (D.
1557 4511 1595 4547 21.
1609 4497 1642 4559 a).

649 4583 658 4613 ⁸
676 4583 736 4632 Inst.
747 4581 779 4631 de
790 4580 832 4630 fid.
846 4580 896 4630 her.
910 4582 944 4643 (2.
960 4579 1014 4642 23);
1031 4578 1093 4628 Dec.
1106 4593 1174 4628 cons.
1191 4589 1245 4642 174.
1463 4578 1473 4608 ¹
1491 4579 1552 4630 Dec.
1566 4594 1587 4642 3.
1599 4595 1666 4630 cons
1682 4593 1720 4644 19.

787 4659 1012 4726 ⁸l.4.decami.
1025 4659 1158 4723 (D.4.5);
1176 4659 1193 4708 l.
1207 4660 1365 4726 209.dereg.
1377 4659 1410 4710 iu.
1423 4660 1469 4725 (D.
1481 4663 1585 4723 5o.17).
