4522 5570
714 741 775 793 os
803 741 906 795 runa
933 742 1068 809 aaran
1099 742 1228 810 unu,
1261 742 1348 796 cnr.
1373 742 1457 796 rur.
1747 747 1784 813 71

386 989 430 1048 ‘a
445 987 621 1067 puniendis
637 987 703 1050 suis
723 1008 794 1051 esse
812 986 1063 1069 prohibendum.
1092 1008 1168 1050 nam
1185 989 1212 1051 si
1228 1009 1284 1052 eos
1302 988 1356 1070 qui
1377 988 1551 1070 peccarint,
1567 985 1789 1065 defenderitis,

386 1097 512 1160 ‘etiam
536 1100 636 1163 uestri
659 1120 679 1162 a
702 1100 795 1162 uobis
817 1099 972 1163 deficient
982 1098 1011 1164 1.'
1056 1098 1124 1164 Sed
1145 1099 1223 1162 mihi
1248 1100 1301 1163 isti
1324 1098 1464 1162 aliorum
1487 1099 1610 1162 subditi
1633 1107 1746 1162 tamen
1768 1118 1789 1161 a

386 1209 585 1290 cognatione
608 1209 664 1273 illa
684 1221 820 1282 naturae
839 1220 873 1274 et
892 1212 1059 1275 societatis
1077 1212 1220 1275 uniuersi
1238 1212 1336 1276 alieni
1356 1231 1427 1274 esse
1450 1231 1515 1273 non
1534 1210 1697 1274 uidentur.
1743 1210 1790 1273 Et

386 1341 487 1402 quam
515 1322 541 1383 si
569 1321 658 1385 tollis
685 1323 887 1400 societatem,
912 1324 1012 1386 etiam
1043 1323 1204 1386 unitatem
1231 1323 1360 1386 scindes
1390 1320 1526 1384 humani
1557 1322 1694 1403 generis,
1722 1341 1789 1403 qua

387 1433 568 1497 sustinetur
607 1434 686 1496 uita.
726 1442 762 1496 ut
796 1433 962 1516 praeclare
995 1433 1156 1499 Seneca².
1201 1435 1317 1516 Atque
1349 1433 1375 1496 si
1409 1433 1524 1514 illeges
1557 1453 1617 1496 nec
1651 1432 1789 1497 iacimus

390 1543 566 1625 Principes,
597 1544 695 1607 nullis
725 1544 864 1626 legibus,
894 1545 992 1609 nullis
1019 1546 1164 1609 moribus
1191 1547 1383 1609 deuinctos:
1416 1564 1549 1608 necesse
1579 1553 1629 1607 est
1655 1552 1692 1606 ut
1722 1544 1791 1607 sint

388 1676 520 1736 quoque
556 1657 612 1737 qui
647 1658 782 1719 eosdem
817 1667 974 1720 moneant
1010 1658 1115 1734 officii,
1151 1666 1184 1720 et
1217 1657 1410 1720 constrictos
1444 1657 1615 1721 retineant.
1676 1655 1787 1738 Quam

388 1767 549 1830 rationem
569 1767 708 1848 exposui
728 1768 761 1829 in
780 1768 925 1832 secundo
944 1767 1027 1832 libro
1046 1770 1089 1832 de
1107 1767 1336 1850 legationibus.
1383 1768 1501 1849 Neque
1523 1767 1576 1831 hic
1600 1787 1662 1848 ego
1686 1767 1787 1830 ullam

388 1878 534 1960 ingerere
557 1879 657 1941 uelim
681 1879 903 1942 dominiorum
926 1879 1160 1958 confusionem,
1175 1890 1233 1944 aut
1252 1880 1353 1943 ullam
1373 1879 1610 1962 inspectionem
1630 1879 1789 1961 Principis

388 2009 488 2070 supra
513 1989 707 2072 Principem.
754 1991 822 2054 Sed
846 2012 906 2056 nec
929 1993 997 2055 lero
1021 2003 1133 2056 tamen
1158 1993 1323 2074 distingui,
1347 2013 1433 2074 quae
1455 2000 1532 2056 sunt
1555 2013 1615 2074 per
1637 2001 1788 2055 naturam

389 2100 569 2164 arctissime
585 2102 799 2184 agglutinata.
824 2103 971 2185 intelligo
990 2105 1220 2186 cognationem
1240 2102 1330 2166 illam
1349 2123 1424 2166 cum
1442 2103 1595 2166 omnibus
1615 2103 1699 2165 inter
1716 2124 1788 2167 om-

389 2231 457 2274 nes.
504 2212 623 2294 Neque
641 2212 694 2277 hic
713 2212 808 2276 aliter
824 2213 965 2296 Principi
981 2215 1141 2296 inspectio
1160 2216 1202 2279 sit
1221 2235 1320 2297 supra
1339 2213 1532 2296 Principem,
1548 2235 1647 2295 quam
1663 2215 1791 2278 contin-

388 2330 446 2404 gat
469 2342 527 2404 per
544 2344 644 2387 omne
666 2325 757 2388 aliud
780 2323 913 2404 bellum,
932 2328 964 2388 in
987 2346 1054 2408 quo
1077 2326 1160 2390 alter
1180 2326 1274 2390 alteri
1296 2325 1438 2407 Principi
1457 2324 1519 2388 sert
1537 2345 1573 2388 se
1595 2325 1736 2388 iudicem
1756 2334 1790 2389 et

389 2435 448 2511 sui,
467 2443 501 2497 et
523 2433 666 2498 alterius
713 2435 749 2500 Si
774 2437 858 2499 inter
877 2439 1024 2519 priuatos
1048 2448 1097 2502 est
1120 2439 1278 2520 quaesti0,
1297 2436 1440 2501 alienum
1463 2437 1506 2500 de
1528 2457 1567 2500 ea
1589 2437 1681 2500 adire
1699 2436 1790 2498 Prin-

390 2545 507 2627 cipem,
526 2546 623 2610 fuerit
642 2548 899 2613 iniustissimum.
947 2548 983 2613 Si
1007 2551 1107 2613 etiam
1130 2550 1214 2613 inter
1236 2550 1405 2613 subditum
1428 2558 1462 2614 et
1486 2549 1670 2631 Principem
1693 2569 1790 2612 suum

389 2656 428 2720 lis
446 2658 555 2736 oritur,
573 2659 782 2741 magistratus
801 2661 970 2724 constituti
986 2671 1071 2740 sunt,
1087 2663 1143 2743 qui
1162 2663 1333 2725 adeantur.
1378 2660 1428 2724 At
1450 2681 1552 2743 quum
1577 2660 1690 2724 incidit
1712 2681 1790 2724 con-

389 2772 548 2834 trouersia
571 2772 613 2835 de
636 2772 822 2854 republica:
850 2794 916 2836 non
940 2774 1063 2837 iudices
1086 2773 1143 2836 ulli
1161 2775 1194 2837 in
1213 2773 1348 2838 ciuitate
1366 2782 1453 2849 sunt,
1471 2793 1531 2837 nec
1551 2793 1622 2837 esse
1644 2781 1790 2855 possunt.

391 2881 560 2946 Publicam
583 2903 662 2945 uero
684 2883 758 2947 dico
782 2905 862 2959 rem,
878 2887 1013 2966 quando
1033 2884 1240 2949 subditorum
1263 2894 1358 2948 tanta
1381 2905 1418 2948 ac
1443 2883 1517 2948 talis
1537 2891 1688 2948 mouetur
1706 2904 1790 2966 parS,

390 3002 426 3056 ut
445 2994 510 3056 iam
533 2993 622 3057 bello
640 3015 724 3076 opus
742 3005 856 3058 contra
875 3017 932 3059 eos
950 2996 1001 3075 sit,
1016 2997 1072 3078 qui
1092 3017 1127 3059 se
1146 3006 1279 3060 tuentur
1301 2994 1402 3059 bello.
1448 2995 1552 3077 Quasi
1570 2994 1718 3058 uenerint
1736 2994 1790 3058 isti

389 3103 423 3166 in
439 3114 568 3186 partem
592 3106 802 3188 principatus,
819 3115 853 3170 et
876 3107 998 3188 publici
1015 3116 1049 3170 et
1064 3127 1159 3188 pares
1179 3107 1320 3188 Principi
1337 3107 1403 3170 sint
1418 3107 1474 3188 qui
1491 3115 1621 3170 tantum
1637 3115 1792 3187 possunt:

390 3217 672 3297 quemadmodum
698 3216 853 3299 Princeps
877 3218 995 3281 dicitur
1019 3217 1161 3300 Principi
1188 3238 1256 3300 par,
1279 3218 1333 3300 qui
1357 3218 1460 3294 alteri,
1484 3227 1650 3300 utcunque
1676 3217 1791 3280 maiori

390 3336 423 3390 et
440 3328 627 3408 potentiori,
643 3327 710 3390 uim
727 3327 877 3392 inserenti
901 3338 1012 3411 potest
1035 3328 1215 3393 resistere³.
1261 3328 1461 3411 Quanquam
1482 3328 1524 3392 de
1548 3328 1688 3392 subditis
1711 3329 1790 3409 ipsis

372 3417 457 3500 ¹nou
487 3437 569 3500 haec
599 3437 683 3517 dico,
711 3439 770 3501 nisi
801 3449 937 3522 propter
964 3440 1129 3522 Principes
1158 3442 1291 3514 alienos,
1317 3441 1372 3522 qui
1399 3441 1514 3504 alienis
1540 3440 1679 3503 subditis
1709 3439 1791 3502 serre

389 3548 691 3614 auxilium'contra
717 3552 889 3616 dominum
914 3552 1051 3615 uolunt:
1083 3554 1194 3634 etqui
1219 3573 1284 3616 non
1308 3551 1404 3616 aliter
1426 3552 1508 3615 serre
1531 3553 1667 3634 possint,
1689 3572 1791 3634 quarn

389 3659 423 3720 in
446 3658 512 3738 lite,
531 3668 566 3723 ut
590 3681 677 3726 nunc
700 3662 874 3744 explicaui,
893 3663 935 3725 de
959 3683 993 3726 re
1016 3663 1156 3744 publica.
1203 3664 1247 3726 Et
1266 3664 1409 3745 quidem,
1425 3664 1451 3726 si
1468 3663 1590 3727 subditi
1606 3663 1793 3725 habeantur

389 3770 612 3850 inclementer,
632 3783 665 3836 et
688 3773 816 3851 iniuste,
836 3774 975 3856 probata
998 3773 1079 3838 haec
1102 3773 1302 3837 defendendi
1325 3776 1489 3837 sententia
1512 3775 1612 3838 etiam
1635 3774 1707 3837 aliis
1730 3783 1789 3838 est.

389 3882 446 3963 qui
465 3883 724 3966 exemplumque
741 3883 1004 3947 laudatissimum
1028 3884 1170 3947 afferunt
1190 3884 1350 3961 Herculis,
1373 3893 1588 3966 tyrannorum
1611 3885 1791 3962 domitoris,

318 3991 320 4002 '
391 4001 425 4055 et
447 4002 679 4060 monstrorum.
710 3997 902 4079 exemplum
926 4007 959 4060 et
983 3995 1192 4059 Constantini
1217 4004 1276 4070 est,
1300 3995 1356 4076 qui
1380 3996 1550 4058 Romanos
1572 3995 1655 4059 iuuit
1678 4005 1792 4059 contra

393 4105 612 4184 Maxentium,
637 4117 674 4171 ut
697 4109 790 4173 retuli
810 4109 841 4170 in
862 4108 1072 4190 praecedenti
1095 4127 1246 4171 sermone
1255 4106 1277 4170 ⁴.
1324 4106 1426 4169 Filios
1449 4106 1656 4171 defendimus
1678 4117 1792 4172 contra

392 4218 529 4283 iniustos
553 4231 664 4302 patres
674 4221 695 4285 ⁶.
741 4220 844 4285 Adde
862 4241 948 4284 nunc
967 4219 1022 4284 illa
1042 4218 1191 4284 Senecae
1208 4240 1315 4298 aurea,
1331 4219 1514 4302 ‘Quicquid
1533 4229 1611 4298 erat,
1627 4241 1693 4302 quo
1712 4218 1791 4281 mihi

506 4481 514 4510 ¹
531 4481 611 4534 Thuc.
624 4483 667 4533 lib.
683 4496 704 4532 1.
717 4499 736 4533 c.
750 4495 790 4547 40.
997 4482 1006 4510 ²
1025 4484 1082 4534 Seu.
1095 4501 1117 4548 4.
1130 4472 1161 4532 de
1173 4483 1256 4533 Benel.
1269 4483 1306 4534 18.
1502 4483 1512 4514 ³
1529 4481 1608 4548 Ceph.
1620 4483 1677 4545 615.

484 4563 493 4591 ⁴
510 4563 599 4616 Couar.
610 4567 672 4630 Reg.
685 4568 821 4616 Peccatum.
835 4581 859 4630 p.
875 4581 896 4614 a.
911 4569 965 4630 §93
978 4566 1040 4616 Bod.
1054 4581 1075 4616 a.
1087 4567 1118 4616 de
1130 4569 1192 4632 Rep.
1207 4579 1230 4629 5.
1242 4575 1266 4616 et
1278 4567 1322 4617 lib.
1334 4581 1356 4631 5.
1369 4583 1390 4618 c.
1401 4567 1445 4616 ult.
1456 4585 1462 4625 ς
1475 4567 1526 4617 Cic.
1542 4581 1565 4629 3.
1578 4568 1606 4615 de
1618 4565 1667 4616 off.
1681 4579 1704 4628 5.

822 4649 832 4678 ⁵
850 4648 904 4699 Bal.
916 4647 933 4698 l.
946 4665 961 4712 4
973 4649 1003 4699 C.
1015 4650 1046 4699 de
1058 4649 1115 4700 inst.
1127 4657 1152 4698 et
1164 4650 1240 4699 subst.
1254 4650 1288 4713 (6.
1301 4652 1353 4715 25).
