4534 5576
743 709 803 760 oa
833 709 935 762 rona
965 710 1099 778 aaran
1129 710 1209 764 ΠΒ.
1233 711 1274 778 ll,
1307 709 1393 764 cna.
1417 710 1453 762 X.
1740 699 1800 782 169

397 947 552 1028 inducias,
575 949 656 1014 mibi
681 951 788 1013 minus
812 950 970 1034 probatur
979 949 1000 1014 ¹.
1054 953 1128 1015 Etsi
1153 953 1229 1030 sci0,
1253 973 1274 1015 a
1301 953 1451 1016 Uarrone
1483 959 1516 1015 et
1546 949 1626 1028 aliis,
1652 948 1800 1012 inducias

396 1080 513 1142 pacem
536 1061 673 1126 definiri.
718 1063 838 1146 Neque
860 1063 947 1126 enim
971 1063 1119 1128 inducias
1142 1065 1264 1128 dixerit
1286 1064 1339 1128 hic
1362 1063 1620 1140 iurisconsultus
1638 1071 1695 1124 aut
1718 1061 1800 1123 alius

396 1168 539 1257 (opinor)
563 1173 755 1256 simpliciter
776 1195 902 1257 pacem.
958 1176 1078 1258 Neque
1104 1197 1164 1258 per
1185 1175 1273 1240 solas
1296 1177 1444 1240 inducias
1468 1175 1678 1258 paciscuntur
1700 1175 1800 1239 duces

395 1281 493 1346 belli:
524 1303 584 1348 nec
602 1286 813 1368 paciscuntur
831 1286 979 1350 inducias
997 1286 1095 1350 solas.
1139 1286 1190 1350 At
1209 1283 1363 1369 quicquid
1382 1286 1445 1348 sibi
1464 1284 1615 1348 maluerit
1635 1283 1800 1365 Ulpianus

395 1393 428 1456 in
451 1394 553 1458 uerbo
580 1395 694 1474 isthoc,
718 1406 872 1459 notemus
894 1398 984 1479 quod
1011 1397 1124 1461 scribit
1146 1399 1189 1460 de
1211 1396 1349 1461 ducibus
1375 1396 1464 1475 belli,
1488 1397 1620 1459 nonde
1646 1395 1799 1457 omnibus

395 1504 556 1569 ducibus:
591 1526 656 1569 non
679 1508 721 1570 de
743 1506 855 1590 aliquo
877 1508 1014 1571 ductore
1036 1517 1093 1571 aut
1117 1509 1274 1592 equitum,
1296 1518 1354 1571 aut
1376 1509 1536 1590 peditum.
1587 1504 1633 1568 Et
1656 1525 1734 1587 ergo
1757 1506 1799 1569 de

395 1615 597 1698 principibus
627 1619 715 1701 capit
747 1619 940 1683 Franciscus
968 1619 1170 1684 Balduinus:
1205 1640 1281 1683 nam
1309 1619 1364 1683 alii
1391 1640 1451 1683 nec
1477 1617 1628 1699 obligant
1657 1615 1797 1699 publice.

397 1725 463 1792 Sed
488 1737 524 1791 tu
548 1749 631 1811 cape
653 1750 713 1794 nec
737 1732 780 1795 de
801 1731 1003 1814 principibus
1027 1741 1146 1795 tamen.
1178 1752 1260 1814 cape
1282 1732 1324 1795 de
1346 1731 1425 1794 belli
1449 1730 1606 1794 ducibus:
1637 1736 1674 1790 ut
1697 1729 1798 1791 uerba

396 1848 482 1902 sunt.
530 1841 643 1905 Duces
672 1852 785 1907 autem
816 1842 895 1906 belli
925 1852 1010 1920 sunt,
1041 1863 1181 1926 quorum
1212 1844 1365 1925 auspiciis
1394 1842 1519 1906 bellum
1550 1841 1682 1924 geritur.
1720 1843 1797 1903 ‘nec

396 1952 535 2015 ‘ducem
555 1953 716 2032 nouimus,
733 1955 793 2017 nisi
813 1955 904 2018 cuius
919 1954 1066 2038 auspicio
1081 1954 1206 2018 bellum
1221 1953 1383 2036 geritur2.’
1430 1953 1559 2020 Summi
1580 1953 1679 2035 igitur
1697 1951 1797 2014 duces

395 2063 612 2143 paciscuntur,
629 2085 695 2127 non
717 2063 781 2128 alii.
827 2065 901 2128 Imo
924 2085 984 2129 nec
1007 2066 1070 2148 ipsi
1088 2067 1209 2128 summi
1225 2067 1325 2130 duces
1343 2068 1386 2130 de
1402 2065 1556 2129 omnibus
1578 2063 1797 2146 paciscuntur.

395 2171 486 2254 Quid
510 2175 597 2238 enim
621 2177 648 2238 si
672 2175 794 2239 bellum
819 2186 1053 2258 componerent
1077 2178 1178 2240 duces
1201 2178 1262 2240 sibi
1287 2179 1490 2254 mandatum,
1513 2186 1547 2239 et
1573 2193 1689 2256 pacem
1713 2173 1798 2236 sace-

395 2283 490 2347 rent?
536 2284 671 2369 Utique,
690 2288 839 2351 mandati
859 2286 941 2351 fines
960 2288 1089 2370 egressi,
1107 2287 1187 2351 nihil
1206 2290 1311 2370 egisse
1329 2289 1498 2352 dicentur:
1521 2306 1582 2350 nec
1601 2287 1627 2348 si
1646 2285 1798 2368 generale

396 2398 591 2461 mandatum
606 2397 766 2464 haberent
777 2398 797 2462 ³.
844 2400 933 2463 Nam
952 2409 985 2463 et
1001 2411 1193 2482 procurator
1210 2421 1285 2464 curn
1305 2399 1466 2463 eiusmodi
1485 2399 1643 2461 mandato
1662 2399 1704 2460 ad
1723 2397 1797 2460 lites

395 2507 600 2587 constitutus,
624 2510 827 2592 transigendi
853 2509 896 2574 de
922 2512 1144 2574 controuersia
1170 2520 1372 2593 potestatem
1399 2530 1466 2573 non
1491 2508 1593 2572 habet
1605 2508 1627 2571 ⁴.
1684 2509 1797 2570 Etiam

394 2628 428 2682 et
456 2641 530 2684 cum
561 2621 663 2686 libera
689 2624 972 2688 administratione
1000 2626 1198 2689 constitutus
1224 2624 1266 2688 ab
1294 2624 1419 2688 offenso
1451 2645 1516 2687 non
1543 2632 1654 2706 potest
1680 2643 1796 2705 pacem

394 2731 500 2796 facere
516 2753 591 2796 cum
607 2735 796 2799 offendente
805 2736 827 2799 ⁵.
867 2736 912 2800 Et
931 2738 977 2801 ita
995 2737 1165 2820 pactiones
1179 2758 1312 2800 suorum
1329 2738 1450 2800 ducum
1467 2735 1577 2818 plures
1593 2755 1658 2797 non
1674 2734 1797 2797 habue-

395 2853 470 2906 runt
489 2853 576 2908 ratas
595 2846 749 2910 Romani.
796 2848 849 2911 De
864 2848 984 2930 quibus
1002 2869 1065 2931 ago
1089 2850 1122 2912 in
1141 2849 1231 2912 libris
1250 2850 1292 2913 de
1314 2849 1414 2912 armis
1438 2847 1608 2911 Romanis.
1654 2846 1700 2908 Et
1715 2845 1796 2909 haec

395 2956 544 3020 definitio
563 2968 652 3021 certa
668 2968 727 3022 est.

390 3118 394 3126 .
439 3067 507 3131 Sed
538 3079 571 3133 et
598 3070 631 3132 in
666 3071 770 3152 pactis
799 3071 939 3134 induciis
964 3073 1052 3135 idem
1079 3071 1203 3155 placuit
1230 3073 1350 3136 nostris
1376 3071 1541 3154 plerisque
1567 3070 1797 3152 interpretibus

394 3179 471 3242 iuris
501 3189 535 3244 et
565 3180 707 3262 eleganti
739 3183 915 3261 Duaren03
951 3183 1103 3265 quamuis
1133 3183 1313 3248 Accursius
1343 3204 1381 3247 ac
1413 3182 1564 3246 Bartolus
1595 3191 1708 3245 contra
1737 3182 1796 3245 do·

394 3289 550 3355 cuerint⁶.
606 3293 693 3354 Nam
733 3303 766 3357 et
806 3293 859 3357 hic
897 3315 918 3357 a
950 3297 1153 3378 praescripto
1193 3296 1350 3374 mandati,
1383 3295 1467 3358 sicut
1507 3295 1540 3356 in
1581 3314 1656 3356 casu
1697 3295 1797 3375 pacis,

394 3404 564 3468 receditur.
615 3405 670 3466 'Et
701 3415 892 3486 procurator
921 3427 987 3469 non
1019 3408 1124 3489 magis
1157 3417 1269 3489 potest
1299 3417 1431 3488 tempus
1464 3407 1607 3469 tribuere
1642 3404 1796 3468 solutioni

392 3535 493 3596 quam
524 3516 703 3599 transigere
713 3517 733 3581 ⁷.
789 3519 835 3581 Et
865 3518 957 3582 cuius
988 3511 1232 3581 est‘arbitrium
1263 3520 1378 3600 punire
1405 3517 1571 3596 delictum,
1596 3517 1622 3580 is
1653 3517 1796 3598 proferre

393 3646 533 3707 poenam
557 3630 670 3710 nequit
694 3639 827 3693 tamen:
859 3639 892 3693 et
916 3631 968 3692 cui
989 3638 1039 3692 est
1061 3630 1233 3693 arbitrium
1256 3631 1288 3692 in
1311 3630 1445 3708 factum,
1469 3650 1534 3693 non
1558 3631 1587 3692 ei
1610 3638 1661 3692 est
1684 3639 1795 3692 tamen

392 3738 425 3800 in
448 3739 537 3801 diem
560 3737 671 3803 facti⁸.
718 3741 764 3804 Et
783 3761 868 3823 quae
891 3749 967 3804 sunt
990 3740 1054 3804 alia
1077 3740 1173 3804 huius
1192 3741 1331 3822 generis,
1378 3739 1446 3803 Cur
1466 3741 1550 3804 alius
1573 3741 1677 3822 possit
1700 3740 1795 3802 indu-

393 3850 459 3913 cias
486 3851 615 3932 pacisci,
642 3871 758 3932 pacem
785 3845 929 3935 aliquam
956 3853 1044 3932 dare,
1069 3861 1199 3934 praeter
1225 3849 1430 3935 principem?
1485 3850 1518 3914 Is
1549 3850 1638 3913 solus
1667 3851 1793 3913 bellum

393 3980 526 4024 mouere
549 3972 678 4044 potest:
710 3985 788 4048 ergo
807 3973 840 4028 et
864 3965 891 4027 is
911 3964 1000 4027 solus
1019 3964 1123 4046 possit
1146 3963 1270 4028 tollere.
1317 3963 1366 4026 Ut
1384 3963 1430 4025 sic
1450 3962 1577 4039 dicitur,
1595 3963 1666 4025 dari
1684 3984 1704 4026 a
1723 3961 1794 4025 solo

392 4073 538 4155 principe
561 4094 659 4156 posse
681 4076 994 4141 saluoconductum:
1028 4077 1105 4158 quia
1128 4076 1216 4139 solus
1240 4075 1391 4158 princeps
1413 4074 1614 4156 suspendere
1637 4075 1793 4138 condem-

392 4184 559 4247 nationem
573 4188 687 4268 possit,
703 4198 738 4252 et
753 4189 942 4272 dispensare
958 4191 1000 4253 de
1016 4188 1137 4252 delicto
1146 4189 1167 4251 ⁹.
1213 4187 1332 4270 Neque
1350 4196 1463 4250 tamen
1483 4187 1546 4250 hoc
1566 4187 1677 4268 capias
1695 4195 1731 4248 tu
1750 4187 1793 4248 de

392 4295 530 4358 induciis
560 4298 723 4376 omnibus,
749 4302 807 4364 sed
839 4302 881 4364 de
911 4300 1121 4383 longioribus,
1145 4321 1205 4364 nec
1232 4300 1430 4378 necessariis
1454 4308 1512 4363 aut
1542 4297 1733 4360 solennibus
1760 4297 1792 4358 in

390 4481 638 4546 ¹Raeu.4.Amb.1.
684 4487 794 4553 'Liu.4.
838 4489 1076 4552 ⁸R0m.con3.115.
1120 4485 1789 4552 ⁴l.8.C.delrans.(2.4);l.6o.D.deproeur.(3.3).

505 4566 515 4596 ⁵
532 4569 599 4619 Clar.
613 4575 625 4628 t
639 4569 663 4618 fi.
675 4587 698 4634 q.
712 4572 751 4632 85.
962 4571 972 4601 ⁶
989 4573 1051 4622 Dec.
1067 4587 1089 4635 3.
1103 4588 1171 4622 cons.
1185 4585 1230 4637 19;
1249 4571 1328 4622 Duar.
1340 4571 1358 4622 l.
1370 4585 1392 4634 5.
1406 4572 1438 4621 de
1449 4576 1514 4636 pact.
1527 4569 1572 4627 (D.
1587 4582 1608 4616 2.
1626 4568 1675 4630 14).

434 4647 444 4676 ἵ
461 4649 478 4698 l.
493 4663 548 4698 ιη
560 4650 591 4701 de
603 4652 633 4702 U.
647 4651 679 4702 Ο.
693 4654 738 4716 (D.
752 4666 792 4717 45.
807 4656 840 4716 1).
963 4655 972 4684 ⁸
989 4656 1046 4704 Bar.
1058 4654 1074 4705 l.
1089 4668 1127 4718 24.
1139 4654 1203 4704 loen.
1215 4654 1259 4714 (D.
1274 4666 1311 4718 19.
1329 4656 1363 4714 a).
1486 4651 1496 4681 ⁸
1513 4652 1574 4700 Dec·
1588 4664 1611 4712 3·
1624 4665 1690 4698 ⁰0⁰⁵·
1702 4649 1742 4712 9⁶·

1083 4825 1102 4872 Z
