4498 5566
1480 639 1775 652 *anun—-

735 740 796 792 oa
825 740 928 793 runa
958 740 1092 806 astar,
1125 740 1250 807 arar,
1284 741 1370 794 cAP.
1395 741 1418 794 J.
1756 749 1775 816 5

372 1002 442 1045 ram
467 981 583 1046 uolunt
610 982 754 1064 quidam,
779 990 815 1044 ut
834 982 943 1064 plures
966 983 1104 1045 eandem
1140 1003 1208 1046 rem
1232 993 1366 1047 teneant
1388 984 1421 1046 in
1444 983 1595 1061 solidum,
1619 994 1652 1048 et
1675 985 1777 1066 possi·

371 1093 513 1158 deant¹:
538 1095 627 1177 quod
647 1092 841 1157 facillimum
863 1093 930 1157 imo
953 1115 997 1157 ex
1016 1093 1155 1157 aliorum
1175 1095 1330 1177 opinione
1352 1097 1510 1159 uideatur.
1557 1095 1647 1179 Quid
1664 1087 1778 1160 notem

371 1209 414 1273 de
429 1209 586 1292 quaesitis
597 1229 656 1291 per
667 1208 806 1273 liberum
818 1206 986 1271 hominem
1002 1209 1241 1272 seruientem2?
1262 1211 1342 1292 quid
1354 1211 1397 1273 de
1411 1210 1484 1273 aliis
1495 1208 1663 1292 pluribus?
1686 1209 1776 1293 Quid

371 1323 414 1386 de
436 1322 673 1395 controuersiis,
693 1330 726 1386 et
748 1321 1010 1386 dubitationibus
1034 1323 1250 1405 interpretum
1271 1326 1314 1387 ad
1335 1324 1426 1401 haec,
1442 1325 1485 1387 ad
1509 1323 1574 1388 alia
1597 1325 1675 1387 iuris
1696 1344 1777 1406 gen-

371 1433 476 1498 tium?
522 1434 646 1500 Omnia
676 1434 724 1498 ius
751 1435 839 1497 istud
867 1434 1038 1512 incertant,
1064 1444 1099 1499 et
1125 1434 1229 1498 ferme
1253 1436 1386 1515 iaciunt,
1414 1457 1434 1499 a
1459 1443 1576 1500 natura
1603 1457 1669 1500 non
1697 1457 1778 1501 esse.

372 1547 462 1630 quod
478 1547 719 1611 contenderunt
738 1545 886 1609 nonnulli
906 1545 1096 1628 Philosophi
1112 1548 1210 1630 prius.

415 1659 466 1724 At
481 1660 524 1724 de
539 1658 763 1722 hebetioribus
773 1659 915 1741 primum
931 1661 1124 1743 respondeo,
1135 1671 1168 1725 et
1179 1663 1222 1726 de
1235 1660 1497 1743 improbioribus,
1509 1681 1591 1724 mox
1606 1661 1777 1725 absoluam

372 1771 414 1836 de
441 1772 583 1854 reliquis.
631 1771 676 1835 Et
699 1772 788 1853 quod
813 1781 942 1854 spectat
964 1774 1007 1836 ad
1032 1772 1227 1850 hebetiores,
1252 1774 1468 1838 Cassiodorus
1495 1772 1664 1856 eleganter
1673 1773 1695 1851 ³,
1718 1794 1778 1836 nec

372 1885 574 1966 ineleganter
589 1904 649 1948 nos
664 1882 726 1962 hic,
743 1883 944 1949 laboriosum
968 1887 1103 1967 quidem
1126 1907 1206 1965 csse,
1222 1887 1281 1950 sed
1304 1906 1369 1949 non
1388 1886 1601 1968 impossibile,
1617 1886 1777 1951 iustitiam

370 1999 509 2061 suadere
525 1996 738 2060 mortalibus:
762 2017 863 2079 quam
880 1999 926 2062 ita
941 2007 1133 2062 cunctorum
1149 1999 1299 2062 sensibus
1314 1998 1512 2063 beneficium
1528 1999 1712 2063 diuinitatis
1727 2007 1778 2063 at·

371 2110 494 2188 tribuit,
511 2118 548 2173 ut
563 2118 597 2174 et
612 2109 668 2191 qui
685 2110 834 2174 nesciunt
850 2111 927 2188 iura,
944 2111 1104 2174 rationem
1125 2121 1237 2175 tamen
1257 2112 1406 2176 ueritatis
1421 2121 1612 2193 agnoscant.
1643 2131 1779 2176 necesse

371 2227 422 2284 est
445 2219 542 2296 enim,
560 2228 598 2283 ut
620 2218 709 2301 quod
726 2240 747 2282 a
763 2227 880 2283 natura
903 2222 1100 2297 conceditur,
1115 2221 1335 2285 submonente
1355 2221 1475 2286 iterum
1496 2221 1613 2285 eadem
1634 2221 1779 2285 suauiter

371 2331 533 2396 audiatur.
564 2331 637 2395 Aut
655 2332 681 2394 si
698 2330 868 2395 Platonica
884 2331 965 2395 haec
980 2353 1047 2395 non
1063 2332 1161 2397 ualde
1176 2332 1363 2415 probamus,
1376 2334 1464 2398 dicet
1477 2342 1564 2398 certe
1579 2332 1779 2397 Aristoteles

372 2446 483 2530 paria:
506 2446 571 2527 qui,
589 2446 718 2510 animos
734 2455 863 2509 nostros
878 2446 1067 2528 aptissimos
1083 2447 1202 2526 doceri,
1218 2448 1307 2512 dicit.
1346 2448 1392 2511 Et
1407 2449 1534 2511 utinam
1550 2467 1626 2512 cum
1643 2447 1779 2512 rudibus

371 2555 458 2636 solia,
471 2577 537 2619 non
551 2556 650 2620 etiam
663 2576 738 2621 cum
751 2557 909 2639 improbis
923 2559 1092 2639 agendum
1104 2568 1201 2622 esset.
1240 2557 1443 2642 Quanquam
1455 2580 1523 2623 non
1538 2569 1660 2626 terrere
1673 2561 1778 2643 magis

371 2678 450 2734 tunc
465 2667 567 2734 habet
582 2669 776 2751 improbitas
792 2669 935 2751 quamsi
952 2670 1001 2732 ius
1017 2670 1113 2734 ciuile
1128 2671 1170 2735 de
1185 2671 1350 2751 caedibus,
1366 2671 1469 2746 furtis,
1486 2673 1559 2737 aliis
1580 2673 1779 2750 criminibus,

372 2792 405 2847 et
416 2782 544 2848 delictis
556 2783 794 2868 exponendum
811 2792 905 2862 esset,
918 2793 1021 2866 atque
1037 2784 1153 2863 sicarii,
1165 2784 1261 2862 fures,
1273 2783 1328 2850 alii
1341 2785 1516 2861 criminosi,
1530 2805 1642 2849 osores
1658 2785 1779 2867 legum,

372 2905 406 2960 et
421 2905 643 2960 contemtores
659 2897 859 2961 incurrerent
874 2917 959 2979 pene
974 2896 1238 2963 innumerabiles.
1277 2895 1377 2980 Quod
1391 2907 1505 2961 contra
1520 2899 1570 2961 ius
1586 2897 1643 2961 fiat
1659 2917 1679 2960 a
1696 2897 1779 2961 mul·

372 3011 422 3088 tis,
437 3030 503 3073 non
518 3019 692 3092 propterea
708 3011 757 3072 ius
773 3029 838 3072 non
854 3019 919 3073 est:
945 3017 978 3074 et
994 3029 1061 3073 non
1077 3010 1185 3073 minus
1200 3020 1250 3074 est
1267 3009 1332 3088 lex,
1348 3030 1448 3092 quam
1466 3008 1562 3074 multi
1578 3011 1780 3090 transgredi-

371 3131 480 3186 untur.
515 3131 551 3185 ut
569 3124 735 3205 praeclare
752 3120 942 3205 Xenophon
957 3123 1004 3188 ait
1019 3123 1195 3186 aduersum
1214 3122 1408 3186 concubitus
1432 3122 1604 3186 Persarum
1628 3121 1779 3186 incestos.

372 3234 425 3296 De
443 3234 514 3298 istis
533 3254 599 3298 non
619 3235 724 3316 magis
744 3235 1021 3299 considerandum
1042 3236 1143 3299 estin
1163 3236 1231 3299 iure
1254 3235 1493 3312 constituend0,
1512 3254 1613 3316 quam
1636 3235 1679 3298 de
1702 3233 1779 3297 feris

372 3347 486 3411 bestiis
498 3347 723 3411 consideretur
732 3344 753 3411 ⁴.
799 3347 886 3411 ‘Ista
902 3347 936 3411 in
952 3346 1055 3429 figura
1069 3347 1212 3410 hominis
1227 3346 1346 3424 feritas,
1362 3355 1396 3410 et
1412 3346 1603 3411 immanitas
1618 3344 1779 3410 belluaea

372 3461 379 3489 ‘
395 3459 563 3523 communi
579 3467 738 3542 tanquam
754 3457 962 3523 humanitate
976 3460 1121 3542 corporis
1136 3460 1342 3542 segreganda
1357 3469 1407 3524 est
1417 3459 1433 3524 :²
1456 3461 1503 3523 ait
1520 3459 1568 3524 M.
1581 3459 1621 3522 T.
1635 3457 1778 3524 Cicero⁶.

371 3571 448 3649 Vix,
463 3572 521 3636 vix
541 3571 697 3637 diffemnt
712 3572 848 3656 quidam
869 3572 1048 3636 abestiis⁶.
1094 3572 1250 3655 Figuram
1273 3570 1454 3636 humanam
1476 3571 1611 3650 habent,
1627 3572 1685 3636 sed
1702 3592 1779 3636 vere

371 3693 448 3747 sunt
463 3683 598 3761 bestiae,
614 3685 696 3748 etin
712 3684 891 3748 bestiarum
913 3684 1066 3748 censendi
1086 3705 1231 3750 numero.
1262 3694 1298 3748 ut
1314 3685 1361 3749 ita
1375 3685 1477 3748 etiam
1494 3684 1625 3767 sapiens
1641 3685 1778 3766 quidam

373 3795 585 3860 Hebraeus⁷z
617 3795 728 3879 ‘Quid
752 3797 840 3858 enim
865 3798 1009 3874 interest,
1032 3806 1142 3860 utrum
1166 3818 1210 3860 ex
1231 3795 1366 3860 homine
1392 3817 1440 3880 se·
1454 3805 1626 3860 conuertat
1650 3797 1723 3878 quis
1745 3797 1778 3859 in

372 3906 551 3984 ‘belluam
572 3927 616 3971 an
643 3908 676 3971 in
702 3906 846 3972 hominis
871 3907 976 3988 figura
1002 3907 1245 3972 immanitatem
1272 3916 1365 3987 gerat
1392 3903 1556 3970 belluaei’
1589 3907 1705 3971 itidem
1731 3907 1779 3970 M.

374 4019 489 4086 Cicero
511 4019 578 4084 ait:
613 4018 721 4103 ‘Quid
741 4018 804 4084 hoc
827 4019 928 4083 iacias
950 4018 1094 4096 homine,
1118 4019 1174 4101 qui
1198 4028 1305 4100 neget,
1329 4017 1429 4081 fidem
1452 4020 1659 4096 seruandam,
1682 4038 1778 4081 suum

372 4139 379 4166 ‘
394 4134 513 4216 cuique
525 4133 745 4214 tribuendum,
757 4139 887 4198 caetera
900 4130 995 4195 huius
1006 4131 1145 4213 generis,
1154 4151 1241 4213 quae
1252 4131 1360 4194 omnis
1372 4150 1437 4194 non
1451 4129 1570 4194 effrons
1581 4131 1695 4195 audita
1704 4129 1779 4195 ilico

373 4245 545 4329 ‘agnoscit
561 4266 647 4323 uera,
661 4253 695 4309 et
710 4241 918 4308 confitetur?’
962 4241 1055 4325 ‘Qua
1065 4240 1153 4306 hunc
1169 4241 1406 4325 obiurgatione,
1418 4251 1477 4307 aut
1491 4262 1559 4324 quo
1574 4243 1686 4325 potius
1701 4263 1779 4306 con·

372 4359 480 4424 ‘uicio
496 4379 516 4422 a
534 4366 629 4421 tanto
645 4377 751 4420 errore
767 4355 894 4421 coneris
909 4364 1058 4419 auertere
1069 4353 1096 4418 i'
1118 4355 1217 4418 etiam
1243 4354 1368 4421 Cicero.
1413 4354 1534 4438 Neque
1553 4353 1642 4418 enim
1664 4364 1779 4418 contra

405 4515 414 4544 ¹
430 4515 447 4566 l.
461 4531 483 4578 3.
492 4517 523 4566 de
534 4516 590 4580 adq.
602 4530 669 4580 poss.
683 4515 728 4578 (D.
741 4528 781 4579 41.
796 4515 829 4574 2).
896 4511 906 4542 ¹
923 4511 989 4577 l.19.
1003 4526 1041 4575 ²3·
1052 4513 1084 4561 de
1095 4512 1134 4562 ad.
1146 4528 1193 4563 rer.
1204 4512 1271 4563 dom.
1284 4513 1330 4575 (D.
1343 4527 1382 4575 41·
1395 4513 1429 4576 ι).
1495 4511 1505 4542 ³
1521 4511 1592 4561 Cass.
1606 4520 1628 4573 7.
1640 4527 1692 4560 unr.
1707 4510 1745 4560 26.

372 4597 512 4665 ‘Xenoph
524 4615 548 4664 4.
561 4599 630 4650 Socr.
642 4614 664 4650 c.
677 4613 700 4662 5.
794 4595 874 4647 'Cio
888 4610 910 4658 3.
923 4595 964 4645 De
976 4594 1025 4644 Oli.
1038 4595 1061 4645 6.
1161 4593 1267 4645 ‘Arist
1280 4609 1303 4657 3.
1316 4596 1413 4646 Po.11.
1426 4609 1448 4659 5.
1547 4593 1604 4642 ΤΚ.
1617 4593 1687 4658 Moy.
1699 4595 1779 4658 Aegy.

806 4679 999 4742 (Maimouides)
1014 4694 1034 4728 1.
1046 4679 1088 4728 du.
1100 4679 1143 4728 du.
1155 4693 1176 4729 c.
1189 4679 1213 4728 6.
1225 4687 1249 4729 et
1261 4693 1284 4740 3.
1297 4694 1318 4730 c.
1331 4693 1354 4743 9.
