4498 5566
865 761 1274 826 PRAEFATIO.
1710 759 1768 822 xiii

365 999 446 1074 aliis
484 1001 713 1076 Doctoribus
750 1003 957 1078 senioribus
994 1004 1031 1076 in
1068 1005 1144 1076 suis
1179 1001 1417 1076 facultatibus
1463 1026 1616 1076 caenam
1658 1001 1770 1097 adpa-

367 1153 492 1210 rarent
503 1144 525 1209 ¹.

420 1271 495 1346 Die
524 1271 712 1344 dominico
743 1271 840 1345 duae
872 1272 1069 1346 conciones
1097 1273 1133 1344 in
1161 1270 1316 1346 ecclesia
1350 1272 1389 1343 B.
1424 1270 1567 1343 Mariae
1602 1267 1770 1367 Uirginis

367 1405 611 1480 habebantur.

419 1543 493 1617 Die
516 1541 635 1628 lunae,
659 1541 722 1638 qui
750 1558 830 1616 erat
857 1543 1101 1630 comitiorum,
1130 1559 1216 1639 post
1243 1567 1372 1638 preces
1399 1559 1438 1616 et
1463 1538 1674 1615 oblationes
1700 1537 1771 1614 sol-

366 1675 505 1764 lenneS,
525 1677 793 1752 inchoabantur
811 1677 986 1750 exercitia
1003 1676 1212 1751 comitialia.
1260 1677 1404 1750 Omnes
1424 1677 1460 1749 in
1488 1677 1574 1748 naui
1593 1674 1771 1749 ecclesiae

370 1814 410 1886 B.
440 1813 583 1886 Mariae
614 1811 781 1910 Uirginis
808 1812 876 1885 rite
908 1828 1014 1885 erant
1039 1813 1221 1908 dispositi,
1249 1811 1387 1886 scilicet
1414 1838 1436 1885 a
1463 1829 1568 1909 parte
1599 1809 1771 1886 orientali

367 1949 526 2022 sedebat
539 1947 733 2021 Professor
745 1945 990 2044 Theologiae,
999 1948 1047 2020 ad
1059 1948 1230 2020 dextram
1245 1947 1325 2020 eius
1343 1947 1537 2022 Professor
1549 1946 1771 2032 Medicinae,

368 2084 417 2156 ad
447 2082 634 2156 sinistram
664 2081 859 2156 Professor
889 2082 1226 2178 Iurisprudentiae;
1258 2082 1494 2156 adstantibus
1524 2084 1657 2179 cuique
1687 2082 1773 2156 Pro-

369 2217 502 2291 fessori
530 2215 780 2311 inceptoribus
808 2215 897 2288 suis.
953 2215 996 2287 ln
1016 2215 1161 2289 Musica
1187 2217 1366 2313 incepturi
1395 2215 1431 2290 in
1459 2233 1563 2312 parte
1591 2215 1772 2314 superiori

369 2352 565 2448 pegmatis,
580 2350 684 2423 iuxta
697 2373 839 2446 organa
852 2350 1096 2445 pneumatica,
1110 2351 1277 2424 aderant.
1308 2351 1487 2438 Artistae,
1499 2376 1582 2424 cum
1600 2351 1773 2425 Procura-

370 2486 524 2572 toribus,
544 2484 592 2556 ad
611 2499 754 2581 partem
781 2484 1048 2558 occidentalem
1076 2483 1255 2560 ecclesiae
1283 2483 1634 2582 conglobabantur2.
1689 2485 1774 2558 Fie-

370 2621 461 2692 bant
478 2636 557 2692 tum
576 2616 848 2713 disputationes
862 2615 1091 2693 Artistarum
1110 2637 1148 2694 et
1161 2620 1429 2715 Magistrorum
1450 2620 1486 2690 in
1499 2619 1657 2692 Artibus
1676 2645 1775 2692 crea·

369 2757 508 2830 tiones:
537 2755 671 2828 deinde
691 2755 812 2827 Actus
835 2755 996 2828 musicus
1021 2772 1059 2829 et
1080 2755 1289 2830 Doctorum
1315 2755 1351 2826 in
1372 2753 1518 2826 Musica
1544 2754 1773 2828 creationes:
1800 2738 1801 2741 Ἴ

369 2891 505 2963 deinde
524 2889 797 2986 disputationes
815 2905 854 2962 et
871 2890 1078 2964 creationes
1098 2891 1134 2962 in
1151 2890 1348 2976 Medicina,
1366 2889 1402 2960 in
1425 2887 1719 2986 Iurisprudentia
1737 2904 1775 2962 et

371 3024 407 3095 in
427 3023 541 3097 Sacra
555 3021 776 3120 Theologia.
822 3021 967 3096 Sufficit
985 3023 1087 3118 quod
1106 3023 1153 3094 ad
1176 3022 1330 3095 luristas
1349 3023 1493 3096 adtinet
1511 3021 1583 3096 huc
1601 3023 1748 3098 referre.

415 3180 543 3243 ‘Moris
571 3190 682 3244 estut
712 3179 880 3244 Professor
906 3179 1031 3262 Regius
1059 3180 1091 3243 in
1120 3180 1387 3262 Iurisprudentia,
1415 3181 1672 3245 admonentibus
1697 3181 1776 3244 Pro-

370 3284 608 3362 ‘curatoribus
638 3285 817 3366 procedat:
857 3286 922 3366 qui,
952 3285 1067 3348 habita
1101 3283 1360 3366 praefatiuncula
1371 3284 1393 3359 ³,
1424 3285 1467 3347 ad
1498 3285 1698 3349 creationem
1729 3287 1774 3349 in·

373 3395 567 3470 ‘ceptorum
584 3389 772 3466 descendet,
787 3388 941 3452 videlicet
961 3409 1075 3452 eorum
1099 3387 1233 3452 cuilibet
1252 3389 1413 3452 tradendo
1430 3387 1558 3466 librum,
1575 3391 1777 3472 imponendo

373 3492 531 3572 ‘pileum‚
562 3491 735 3554 inserendo
766 3493 907 3574 digitum
941 3491 1072 3567 annulo
1104 3502 1137 3555 et
1168 3501 1337 3573 postremo
1368 3492 1587 3573 impertiendo
1616 3493 1776 3558 osculum.

372 3594 473 3676 ‘Qua
496 3596 661 3659 creatione
687 3605 829 3677 peracta,
854 3596 1061 3678 inceptorum
1088 3597 1197 3659 senior
1218 3605 1285 3658 tres
1312 3597 1523 3678 quaestiones
1553 3597 1777 3661 discutiendas

373 3700 578 3780 ‘proponet;
603 3699 782 3782 dequibus
804 3702 1006 3782 respondens
1030 3699 1129 3763 animi
1153 3701 1203 3763 sui
1222 3700 1420 3763 sententiam
1445 3709 1600 3782 exponet.
1647 3700 1778 3764 Deinde

374 3802 486 3864 ‘idem
520 3803 670 3883 inceptor
702 3804 811 3865 senior
843 3804 874 3864 in
910 3799 1046 3884 singulis
1083 3804 1374 3885 argumentabitur,
1405 3812 1438 3866 et
1476 3811 1707 3886 argumentum
1744 3807 1777 3866 in

374 3905 504 3986 ‘prima
528 3904 745 3968 confirmabit.
791 3905 870 3968 Post
894 3907 1066 3982 seniorem,
1090 3905 1145 3968 alii
1172 3906 1338 3984 seriatim3
1369 3907 1533 3970 secundus
1563 3907 1718 3970 nimirum
1744 3908 1778 3968 in

373 4008 551 4084 ‘secunda
575 4007 691 4070 tertius
718 4009 751 4070 in
773 4009 878 4086 tertia,
903 4018 936 4072 et
960 4006 1001 4093 (si
1026 4008 1136 4091 plures
1160 4007 1293 4092 suerint)
1318 4019 1454 4090 quastus
1477 4011 1509 4072 in
1537 4011 1652 4092 prima,
1675 4020 1709 4074 et
1732 4011 1777 4074 sic

416 4209 425 4242 ¹
448 4208 518 4268 Stat.
535 4209 593 4267 Tit.
609 4208 654 4280 vii,
671 4217 740 4268 sect.
755 4208 773 4279 i,
788 4207 803 4284 ξ
819 4227 845 4284 9.
1284 4209 1295 4240 ²
1317 4207 1360 4268 lb.
1376 4207 1390 4284 ξ
1404 4228 1449 4268 12.

416 4308 426 4339 ³
449 4307 605 4367 Orationes
626 4309 655 4365 in
676 4307 791 4366 solenni
814 4307 982 4390 Iuristarum
1003 4308 1170 4384 inceptione
1189 4320 1247 4366 tres
1266 4308 1304 4366 ad
1325 4309 1479 4366 minimum
1501 4325 1568 4367 suas
1588 4307 1695 4384 publici
1709 4308 1778 4366 iuris

376 4406 442 4464 fecit
457 4406 617 4476 Albericus,
633 4407 769 4465 uidelicet
780 4425 831 4464 :-

415 4504 565 4582 Legalziem
588 4503 770 4564 Camenarum
795 4503 888 4564 Oxan.
904 4501 994 4575 Acae,
1010 4504 1119 4564 Fl‘arrc.
1135 4505 1250 4566 Beuana
1269 4507 1412 4566 Dacturae
1432 4509 1590 4583 dignz'talem
1611 4507 1778 4581 suscipiente.

376 4599 470 4685 [anno
484 4599 639 4684 urnaxxxv]
662 4604 798 4676 Londini,
814 4599 1023 4687 unnxxxtlu}

419 4701 531 4760 Laudes
550 4702 715 4762 Academiae
735 4703 893 4764 Perusinae
915 4708 944 4764 in
969 4705 1097 4766 Camilai's
1119 4703 1246 4766 Samson.
1268 4705 1380 4776 Hussei,
1395 4704 1457 4764 lah.
1473 4704 1605 4762 Buddem'
1622 4711 1648 4762 et
1669 4701 1784 4760 Oltiaeri

606 4828 707 4836 ——un

1068 4901 1088 4948 C
