4522 5570
683 737 743 790 DE
771 737 875 790 IURE
904 738 1038 808 BELLI,
1069 738 1147 793 LIB.
1170 739 1195 807 J,
1228 738 1316 794 CAP.
1339 740 1442 794 XXII.
1703 743 1763 811 105

362 976 474 1059 inepta
493 988 551 1058 est,
568 981 593 1043 si
616 982 780 1062 possessio
803 1001 868 1044 non
893 983 935 1044 de
954 980 1029 1058 iure,
1045 983 1102 1045 sed
1123 983 1165 1045 de
1183 982 1271 1046 facto
1290 983 1475 1065 impeditur.
1506 995 1542 1048 ut
1565 984 1617 1046 hic
1641 981 1764 1046 Baldus

362 1091 518 1171 exposuit
527 1089 547 1154 ¹.
593 1091 682 1173 Quid
702 1094 728 1156 si
744 1114 850 1175 neque
869 1094 1106 1175 protestatione
1124 1093 1176 1156 uel
1200 1093 1404 1157 clandestina
1427 1097 1577 1177 princeps
1601 1095 1765 1174 disceptet

361 1201 404 1263 de
428 1202 495 1264 iure
518 1202 601 1265 suo?
644 1202 767 1268 Adhuc
791 1205 931 1266 dicimus
955 1223 1020 1265 non
1044 1222 1119 1264 eum
1143 1202 1386 1284 negligentem?
1412 1226 1477 1268 non
1501 1195 1628 1270 curre're
1651 1215 1764 1269 contra

363 1331 438 1375 eum
455 1313 766 1396 praescriptionem?
812 1314 879 1378 Sed
896 1324 946 1377 est
964 1325 996 1377 et
1012 1314 1076 1377 alia
1093 1314 1273 1378 difficultas
1306 1317 1394 1397 quod
1412 1337 1486 1379 cum
1504 1337 1612 1398 regna,
1628 1327 1661 1380 et
1677 1317 1764 1398 prin-

364 1423 499 1506 cipatus,
519 1445 585 1487 non
604 1434 641 1488 ut
660 1427 788 1507 priuata
808 1427 1005 1507 patrimonia
1025 1446 1044 1488 a
1062 1425 1233 1489 uoluntate
1253 1427 1541 1507 praedecessorum
1559 1428 1713 1490 deuenire
1732 1429 1765 1490 in

364 1555 567 1598 successores
590 1538 748 1610 dicantur,
768 1537 826 1600 sed
850 1557 894 1600 ex
917 1537 987 1600 sola
1011 1537 1092 1618 lege,
1111 1547 1144 1600 et
1167 1539 1411 1616 consuetudine,
1430 1538 1551 1601 habere
1578 1537 1631 1600 hic
1658 1536 1766 1601 locum

364 1647 576 1729 praescriptio
599 1667 705 1728 neque
727 1668 825 1730 posse
846 1646 1007 1711 uidetur2.
1039 1647 1201 1729 siquidem
1228 1649 1283 1729 qui
1311 1668 1354 1710 ex
1381 1669 1521 1731 persona
1545 1669 1604 1712 sua
1627 1649 1705 1730 agit,
1729 1658 1766 1712 ut

364 1777 532 1821 successor
565 1759 611 1820 ita
638 1759 745 1820 omnis
778 1779 875 1840 agere
908 1759 1059 1840 princeps
1099 1767 1218 1841 potest,
1248 1759 1277 1820 ei
1312 1761 1524 1842 praescriptio
1561 1761 1765 1841 superiorum

364 1878 552 1950 temporum
576 1889 641 1932 non
664 1869 819 1948 obstabit,
838 1879 872 1932 et
894 1869 1095 1951 negligentia
1117 1869 1405 1950 praedecessorum
1417 1870 1440 1932 ³.
1486 1871 1548 1934 Cui
1571 1870 1766 1948 difficultati,

365 1988 398 2042 et
414 1979 446 2041 in
463 1978 513 2042 his
529 1981 739 2062 principibus,
758 1981 812 2063 qui
829 1989 958 2042 tantum
979 1979 1025 2040 illi
1043 1979 1107 2061 legi
1129 1980 1421 2062 consuetudinique
1436 2001 1574 2063 regnum
1590 1989 1765 2064 acceptum

365 2091 480 2168 ferunt,
500 2091 580 2155 nihil
604 2093 744 2155 multum
767 2093 965 2174 respondere
986 2092 1073 2155 aliud
1098 2110 1241 2172 possum,
1259 2093 1318 2156 sed
1341 2091 1404 2154 hoc
1422 2093 1538 2170 solum,
1558 2093 1647 2174 quod
1666 2113 1767 2175 gene·

366 2201 475 2264 raliter
498 2201 531 2264 in
553 2203 713 2284 principio
732 2203 812 2279 dixi,
832 2202 1010 2265 absurdum
1030 2223 1111 2277 esse,
1131 2210 1167 2264 ut
1190 2222 1250 2264 nec
1265 2207 1349 2283 'post
1369 2203 1479 2265 secula
1497 2203 1582 2266 desit
1600 2223 1766 2266 armorum

281 2305 288 2315 “
367 2321 401 2374 et
417 2315 710 2376 controuersiarum
727 2312 916 2376 bellicarum
933 2321 1126 2394 praetextus
1143 2311 1254 2376 iustus.
1293 2312 1351 2374 An
1367 2314 1446 2396 quid
1463 2315 1568 2395 magis
1585 2314 1766 2391 ridiculum,

365 2443 464 2504 quam
481 2424 569 2504 quod
585 2425 697 2487 dicunt
713 2425 812 2506 aliqui
822 2422 844 2501 ⁴,
860 2433 972 2487 tamen
989 2443 1054 2486 non
1070 2423 1196 2486 ridiculi
1215 2425 1408 2506 interpretes
1431 2425 1515 2501 iuris,
1534 2445 1632 2506 posse
1651 2427 1766 2489 etiam·

368 2553 445 2597 num
473 2535 704 2616 imperatorem
729 2533 919 2598 Romanum
941 2553 1039 2615 agere
1065 2534 1107 2597 ad
1132 2554 1269 2615 regnum
1298 2535 1488 2616 Hispaniae,
1515 2537 1604 2618 quod
1632 2545 1766 2618 captum

366 2653 400 2707 et
418 2664 604 2726 possessum
621 2645 793 2710 Saracenis
808 2645 989 2708 diutissime
1007 2643 1076 2721 luit,
1091 2653 1126 2706 et
1145 2645 1259 2725 perdiu
1278 2645 1377 2709 etiam
1396 2654 1528 2710 tenetur
1544 2648 1587 2710 ab
1605 2646 1765 2729 Hispanis

366 2755 563 2821 hominibus.
610 2756 677 2820 Sed
704 2766 738 2821 et
764 2757 864 2819 iidem
892 2757 1035 2833 tradunt,
1062 2753 1236 2819 abhorrere
1266 2766 1354 2820 certe
1383 2777 1405 2819 a
1433 2778 1530 2820 sensu
1558 2759 1705 2840 naturali,
1729 2767 1767 2821 ut

367 2887 547 2950 numquam
566 2869 608 2931 sit
626 2869 792 2950 usucapio.
825 2887 884 2931 nec
903 2888 1059 2949 umquam
1080 2869 1230 2930 auditum
1249 2889 1269 2930 a
1288 2869 1421 2932 condita
1439 2868 1536 2950 legali
1556 2870 1713 2948 doctrina,
1730 2879 1767 2934 ut

365 2979 521 3061 usucapio
549 2988 720 3042 moueatur
745 2976 927 3041 seculorum
936 2978 957 3041 ὅ.
1015 2977 1105 3060 Quid
1136 2979 1169 3040 ni
1195 2980 1500 3062 successoribusque
1526 2981 1765 3062 praeiudicatur

366 3089 439 3168 hic;
463 3091 546 3153 sicut
567 3099 601 3153 et
619 3089 761 3168 seudum,
778 3091 866 3172 quod
889 3111 933 3152 ex
954 3089 1061 3171 prima
1077 3090 1268 3153 inuestitura
1284 3100 1317 3153 et
1336 3091 1522 3171 prouisione
1540 3092 1636 3174 primi
1660 3079 1767 3156 inues-

366 3201 418 3264 titi
439 3202 581 3285 pertinet
603 3201 645 3264 ad
669 3221 873 3264 successores
894 3202 1132 3264 descendentes
1155 3221 1279 3279 omnes,
1297 3202 1461 3265 amittitur
1479 3223 1499 3265 a
1519 3204 1635 3267 mediis
1659 3225 1766 3286 saepe,

367 3321 401 3374 et
424 3314 466 3376 ad
490 3321 662 3395 sequentes
686 3333 751 3376 non
776 3313 866 3375 uenit
876 3312 896 3374 ⁰.
954 3312 1042 3395 Quid
1070 3313 1102 3374 ni
1125 3312 1365 3395 praeiudicetur
1386 3316 1625 3378 successoribus
1648 3316 1768 3397 princi·

367 3424 463 3506 pibus
478 3446 498 3487 a
515 3424 784 3506 praecessoribus,
801 3424 827 3486 si
844 3443 1047 3488 successores
1061 3424 1106 3487 sic
1122 3424 1245 3501 uolunt,
1260 3444 1466 3506 aequumque
1485 3435 1611 3507 putant,
1626 3429 1766 3504 nomine,

366 3537 569 3613 auctoritate,
588 3535 764 3599 commodo
782 3556 802 3597 a
821 3535 1081 3616 praecessoribus
1100 3532 1182 3598 frui?
1240 3535 1293 3598 De
1313 3536 1386 3598 aliis
1409 3537 1616 3618 principibus,
1635 3539 1690 3620 qui
1709 3549 1767 3602 aut

366 3647 492 3710 domini
516 3655 600 3725 sunt,
623 3656 680 3709 aut
703 3644 824 3708 liberae
847 3645 1045 3726 reipublicae
1071 3646 1289 3727 magistratus,
1314 3667 1364 3708 res
1387 3655 1438 3709 est
1460 3648 1657 3728 expeditior.
1689 3671 1766 3713 nam

367 3757 463 3838 primi
481 3766 620 3837 possunt
637 3765 781 3819 statuere
796 3756 838 3818 de
854 3756 991 3836 imperio
1007 3775 1067 3817 suo
1083 3755 1202 3818 libere:
1226 3765 1259 3818 et
1275 3756 1386 3836 itaque
1404 3759 1643 3821 successoribus
1664 3763 1765 3823 etiam

367 3867 596 3949 praeiudicare.
627 3865 761 3929 secundi
783 3865 829 3928 sic
852 3865 1095 3947 praeiudicant:
1127 3866 1203 3946 quia
1226 3865 1419 3928 uniuersitas
1441 3866 1570 3930 illorum
1594 3868 1765 3931 hominum

367 3998 488 4056 secum,
506 3997 590 4060 quae
613 3978 695 4040 item
717 3975 818 4040 libere
841 3985 951 4058 potest
973 3977 1016 4039 de
1038 3997 1074 4038 se
1101 3983 1134 4038 et
1157 3975 1222 4038 suis
1245 3977 1442 4039 constituere
1466 3998 1506 4040 ea
1528 3988 1586 4057 est,
1606 4000 1691 4061 quae
1713 3980 1766 4044 hic

366 4089 577 4172 praeiudicat.
622 4090 720 4152 Nunc
743 4088 786 4152 de
804 4088 1016 4151 uniuersitate
1034 4087 1171 4149 uerbum
1194 4085 1281 4149 audi.
1327 4086 1442 4150 Uideri
1465 4089 1599 4170 quidem
1623 4089 1765 4153 eundem

366 4223 438 4266 esse
464 4201 623 4284 populum
650 4220 799 4282 semper:
835 4207 868 4262 et
895 4219 1072 4281 usucapere
1099 4207 1211 4261 tamen
1239 4218 1308 4260 rem
1334 4198 1497 4263 alienam:
1531 4201 1608 4282 quia
1632 4220 1766 4282 praesu-

368 4321 477 4376 matur
491 4312 548 4375 illa
563 4312 711 4375 desinere
727 4311 871 4389 scientia,
886 4331 971 4392 quae
986 4309 1082 4373 suerit
1099 4311 1143 4373 rei
1159 4309 1292 4374 alienae.
1341 4310 1417 4374 Hoc
1434 4310 1580 4375 Comeus
1591 4310 1613 4375 ⁷.

400 4547 408 4576 ¹
425 4547 478 4597 Bal.
490 4548 507 4596 l.
519 4547 649 4597 barbarius
661 4547 706 4607 (D.
719 4559 739 4596 1.
754 4547 803 4607 14).
868 4545 878 4573 ²
898 4546 960 4595 Hot.
973 4545 1012 4594 111.
1026 4545 1057 4608 Q.
1073 4559 1083 4592 1
1097 4545 1165 4595 etde
1177 4545 1209 4594 iu
1221 4561 1272 4595 suc.
1285 4544 1330 4594 ira.
1341 4545 1359 4594 1.
1374 4559 1394 4594 1.
1461 4545 1471 4574 ³
1489 4545 1544 4596 Alc.
1557 4561 1580 4610 9.
1593 4561 1661 4597 cons.
1676 4559 1730 4612 119.

368 4630 447 4681 ‘Ale
459 4630 477 4680 l.
490 4645 512 4693 5.
525 4629 556 4680 de
567 4629 624 4679 lust.
637 4629 683 4693 (D.
700 4643 721 4678 1.
736 4633 769 4691 ι).
826 4627 910 4678 ‘Alo
922 4643 947 4689 4.
959 4643 1026 4677 cons.
1038 4643 1062 4691 4.
1118 4627 1352 4718 ‘Clantleudum
1363 4643 1387 4692 q.
1399 4626 1438 4678 66.
1496 4625 1599 4678 'Com
1613 4643 1635 4677 a.
1647 4644 1708 4677 cons
1727 4643 1768 4693 43.

1060 4842 1079 4888 P
