4498 5566
1559 626 1775 638 ...a——

733 737 793 791 DE
822 737 925 792 IURE
954 735 1087 802 BELLI,
1120 734 1247 801 LIB.I,
1280 735 1367 790 CAP.
1392 735 1416 790 Ι.
1755 743 1774 810 3

375 983 615 1067 exemplorum,
635 983 714 1048 item
739 991 772 1046 et
790 989 926 1064 propter
948 979 1172 1044 infirmitatem
1195 981 1265 1044 eius
1285 981 1478 1064 argumenti,
1493 999 1579 1062 quae
1599 977 1775 1062 plurimum

373 1095 417 1158 ab
440 1096 597 1179 exemplo
624 1117 697 1161 esse
719 1095 858 1172 uidetur,
883 1114 950 1157 non
976 1095 1026 1157 ius
1051 1093 1140 1157 aliud
1163 1093 1267 1171 facile,
1290 1114 1356 1158 non
1378 1094 1560 1158 constitues
1583 1091 1650 1155 ullo
1677 1091 1777 1155 modo

375 1207 472 1283 istud,
494 1210 584 1291 quod
609 1209 765 1287 naturale,
783 1228 822 1271 ac
846 1214 974 1272 certum
995 1216 1154 1271 censetur.
1199 1206 1377 1289 Exempla,
1393 1215 1427 1270 et
1445 1205 1534 1270 facta
1556 1203 1778 1287 expendenda

375 1330 452 1384 sunt
467 1342 527 1384 sua
543 1321 644 1396 lance,
662 1331 696 1386 et
710 1321 804 1403 quasi
819 1320 966 1403 pondera
981 1327 1058 1382 sunt
1074 1339 1132 1382 sua
1148 1319 1271 1383 trutina
1287 1319 1499 1384 conficienda.

422 1432 562 1498 Ueteres
585 1444 735 1498 auctores
753 1432 864 1515 legum
889 1430 1036 1494 fortassis
1057 1429 1120 1495 hoc
1143 1430 1314 1506 bellorum,
1334 1441 1368 1496 et
1390 1431 1589 1495 eiuscemodi
1612 1429 1677 1492 alia
1699 1447 1778 1510 gen·

375 1547 459 1608 tium
475 1547 508 1608 in
520 1546 620 1610 libros
635 1567 711 1610 suos
727 1544 924 1609 retulerunt:
949 1552 986 1606 ut
1003 1541 1139 1619 Mutius,
1158 1543 1368 1626 PomponiuS,
1382 1544 1439 1608 alii
1455 1543 1607 1626 quidam:
1630 1559 1779 1623 quorum,

375 1677 460 1739 quae
475 1667 657 1740 supersunt,
674 1656 860 1740 fragmenta
882 1656 1055 1739 quaedam,
1080 1641 1177 1720 huius
1201 1656 1297 1720 nobis
1320 1657 1528 1721 coniecturae
1546 1661 1779 1738 argumentum

377 1791 443 1834 non
466 1770 668 1834 leuissimum
691 1770 861 1852 praebent.
900 1768 953 1832 Illi
974 1768 1007 1832 in
1030 1789 1138 1834 rerum
1159 1779 1337 1852 gestarum,
1355 1778 1389 1835 et
1409 1769 1538 1853 imperii
1560 1765 1779 1850 amplitudine

376 1893 554 1961 uersantes,
579 1892 708 1966 praeter
738 1881 955 1965 multiplicem
985 1881 1123 1946 aliarum
1153 1883 1282 1962 artium,
1313 1902 1413 1965 quam
1440 1901 1571 1964 semper
1595 1886 1780 1955 tenuerunt,

376 2014 443 2057 non
463 1994 571 2059 solum
594 1995 706 2077 legum
728 1995 960 2078 cognitionem,
980 1993 1068 2058 clara
1085 1993 1139 2058 hic
1154 2015 1287 2078 quoque
1307 1993 1430 2059 habere
1450 1995 1563 2058 omnia
1581 1999 1779 2076 potuerunt:

378 2126 463 2188 quae
484 2127 543 2171 nos
568 2108 600 2170 in
622 2117 718 2172 tanta
736 2127 844 2171 rerum
867 2106 1038 2183 tenuitate,
1057 2116 1090 2171 et
1114 2108 1147 2170 in
1170 2117 1240 2172 tam
1264 2105 1354 2171 tenui
1378 2105 1578 2190 professione
1597 2105 1780 2169 litterarum

379 2219 561 2296 Iustiniani,
586 2220 645 2282 uix
671 2239 731 2302 per
751 2219 905 2283 nebulam
929 2220 1102 2283 intuemur.
1149 2219 1276 2301 Utique
1299 2218 1382 2294 libri,
1409 2220 1466 2302 qui
1493 2217 1622 2282 fuerant
1646 2215 1689 2280 de
1713 2216 1781 2278 iure

378 2330 492 2409 feciali,
523 2330 639 2395 bellica
669 2331 751 2395 haec
781 2331 851 2394 iura
882 2331 1043 2413 exposita,
1072 2339 1105 2394 et
1135 2332 1314 2395 constituta
1345 2329 1530 2396 habuerunt
1538 2327 1560 2394 ¹.
1614 2325 1782 2394 Uidelicet

380 2453 473 2507 erant
495 2442 626 2506 feciales
651 2442 830 2522 foederum,
853 2443 952 2525 pacis,
976 2441 1147 2521 bellorum,
1172 2442 1384 2526 legationum,
1407 2452 1441 2508 et
1464 2442 1662 2524 reliquorum
1685 2438 1782 2504 huius

380 2555 456 2618 iuris
481 2574 556 2619 cum
580 2555 704 2619 exteris
730 2564 904 2618 curatores.
958 2554 1084 2618 Uerum
1110 2552 1190 2618 nihil
1215 2574 1301 2620 nunc
1327 2557 1370 2620 ad
1398 2574 1467 2633 nos,
1494 2554 1555 2617 nisi
1582 2551 1782 2617 desiderium

379 2687 517 2750 operum
540 2686 652 2730 eorum
676 2667 834 2750 peruenit.
879 2665 928 2730 Ut
951 2667 1039 2729 enim
1060 2666 1169 2748 sperni
1188 2676 1307 2750 coepta
1325 2676 1375 2732 est
1398 2685 1473 2751 pars
1496 2667 1559 2729 ista
1579 2665 1656 2729 iuris
1679 2683 1784 2745 usque

378 2799 398 2842 a
423 2779 486 2842 fine
513 2779 711 2861 reipublicae
737 2777 920 2855 Romanae,
944 2778 978 2842 id
1005 2788 1064 2856 est,
1089 2799 1109 2842 a
1139 2790 1288 2864 tempore
1317 2800 1384 2862 quo
1415 2776 1559 2843 Romani
1590 2797 1641 2841 res
1670 2795 1784 2858 gerere

380 2910 455 2954 cum
482 2891 609 2954 ratione
634 2889 810 2968 desierunt,
833 2910 893 2973 pro
916 2889 1052 2954 libidine
1075 2911 1175 2974 agere
1196 2892 1309 2956 omnia
1331 2892 1552 2974 incoeperunt,
1575 2891 1622 2954 ita
1645 2887 1784 2971 librique

366 3002 458 3066 'iuris
473 3001 595 3066 fecialis
612 3004 773 3080 interiere,
789 3011 823 3067 et
838 3004 1026 3081 memoriae,
1042 3013 1076 3067 et
1092 3005 1244 3069 doctores
1259 3024 1332 3068 esse
1346 3005 1473 3068 desiere
1481 3002 1502 3069 ².

425 3114 510 3179 Abit
525 3115 613 3197 quod
632 3134 699 3178 non
721 3123 873 3180 tenetur:
897 3125 931 3180 et
949 3135 1015 3178 non
1034 3125 1174 3193 tenetur,
1189 3117 1279 3199 quod
1303 3117 1336 3180 in
1359 3118 1465 3200 pretio
1488 3135 1554 3179 non
1577 3123 1637 3178 est.
1683 3113 1785 3177 Latet

381 3229 492 3311 itaque
518 3228 568 3292 ius
590 3228 688 3294 istud.
737 3226 805 3291 Sed
829 3228 911 3292 etsi
935 3229 979 3292 sit
1004 3231 1147 3308 omnino,
1171 3230 1378 3294 reuocabitur
1399 3231 1433 3292 in
1460 3227 1714 3293 controuersiam
1741 3223 1785 3288 ab

379 3341 460 3419 aliis,
476 3341 542 3423 qui,
557 3331 609 3405 ius
628 3361 694 3405 non
717 3352 844 3418 natura,
859 3342 918 3405 sed
934 3343 1090 3425 opinione
1112 3353 1263 3407 constare
1285 3363 1394 3422 omne,
1415 3343 1626 3426 pertinaciter
1648 3349 1785 3405 conten-

380 3456 473 3529 dunt,
490 3464 590 3537 atque
601 3456 685 3519 adeo
700 3439 904 3519 contendent
918 3457 1077 3519 aduersus
1092 3476 1161 3534 nos,
1173 3456 1293 3539 quibus
1307 3456 1371 3522 hoc
1386 3459 1541 3541 positum,
1554 3466 1587 3522 et
1603 3457 1709 3520 fixum
1725 3466 1785 3534 est,

381 3569 589 3650 quaestiones
605 3567 739 3632 bellicas
758 3569 827 3631 iure
844 3567 981 3632 definire
1002 3569 1151 3650 gentium
1170 3579 1331 3652 oportere,
1346 3571 1435 3653 quod
1454 3578 1505 3635 est
1520 3580 1666 3634 naturae.
1712 3568 1786 3633 Hos

380 3687 494 3744 tamen
522 3681 618 3745 mitto
641 3691 778 3745 naturae
800 3679 922 3760 hostes,
945 3702 1029 3764 quos
1053 3682 1223 3746 meliorum
1247 3682 1521 3766 Philosophorum
1545 3681 1786 3766 disputationes

381 3793 563 3856 refutarunt
578 3802 657 3858 ante
674 3793 773 3857 hac³:
800 3804 835 3857 et
848 3792 957 3857 habeo
975 3815 1036 3876 pro
1051 3794 1235 3878 explorato,
1250 3796 1301 3859 ius
1319 3796 1455 3878 aliquod
1472 3805 1608 3859 naturae
1623 3813 1703 3872 esse,
1718 3813 1786 3876 quo

382 3915 415 3969 et
431 3911 662 3987 argumentum
679 3903 742 3967 hoc
757 3912 915 3967 tractetur
930 3903 1093 3967 bellicum.
1141 3905 1319 3969 Caeterum
1339 3915 1452 3969 manet
1473 3906 1678 3988 impeditum,
1694 3904 1785 3986 quod

382 4017 577 4099 quaerimus,
593 4015 683 4098 quod
706 4034 783 4077 nam
807 4015 893 4078 istud
917 4015 960 4078 sit
972 4036 979 4092 ;
1000 4022 1058 4079 aut
1076 4017 1243 4097 quomodo
1266 4016 1495 4099 approbemus,
1518 4017 1605 4080 istud
1629 4035 1709 4092 esse,
1728 4024 1786 4079 aut

381 4128 473 4193 illud.
518 4128 596 4192 Non
618 4125 726 4190 solum
750 4125 875 4191 scilicet
904 4127 1090 4192 docendum
1113 4147 1189 4192 cum
1205 4127 1351 4206 Platone,
1368 4129 1426 4193 sed
1445 4138 1581 4212 propter
1598 4136 1786 4192 controuer-

382 4242 448 4305 sias
478 4240 696 4305 euincendum
727 4258 802 4303 cum
827 4237 1008 4302 Aristotele
1035 4259 1167 4321 quoque
1193 4248 1251 4304 est.
1295 4239 1411 4322 Atque
1438 4241 1465 4304 si
1488 4241 1575 4304 adeo
1602 4240 1693 4318 latet,
1720 4258 1785 4303 non

383 4354 491 4437 ipsum
512 4361 646 4418 cernent
666 4351 822 4416 hebetes:
855 4350 996 4434 improbi
1017 4352 1187 4436 negabunt
1207 4361 1303 4418 tanto
1320 4353 1456 4433 facilius,
1474 4352 1592 4418 armati
1610 4351 1723 4417 hostes
1746 4373 1786 4416 eo

514 4591 522 4620 ¹
541 4589 594 4638 Cic.
609 4600 629 4638 1.
642 4587 681 4638 De
695 4586 744 4638 on.
756 4603 778 4638 c
793 4601 830 4638 11.
1160 4589 1169 4618 ¹
1186 4590 1258 4640 Varr.
1272 4602 1296 4653 5.
1307 4589 1347 4638 De
1358 4588 1417 4654 ling.
1429 4587 1472 4639 lat.
1486 4587 1518 4638 86
1531 4587 1656 4651 (Muller).

569 4671 579 4700 ³
595 4670 647 4721 Ple.
661 4672 714 4721 Pol.
726 4677 751 4721 et
766 4683 804 4721 ιο.
816 4671 847 4722 de
858 4673 921 4736 leg.;
942 4672 1021 4723 Cicer.
1036 4687 1058 4723 1.
1070 4672 1110 4723 De
1122 4673 1170 4739 leg.
1182 4689 1218 4724 oc.
1233 4683 1320 4738 10-17,
1331 4679 1357 4723 et
1370 4687 1392 4724 a.
1404 4671 1445 4723 Dc
1455 4672 1506 4723 inu.
1519 4688 1539 4723 c.
1555 4686 1594 4738 53.

1057 4877 1112 4926 Ba
