4522 5570
685 774 745 826 DE
772 774 877 828 IURE
907 774 1040 841 BELLI,
1073 775 1199 842 LIB.I,
1232 777 1319 830 [ΑΡ.
1343 778 1462 832 XXIII.
1715 793 1775 858 113

369 1031 472 1092 quum
495 1011 677 1094 ingreditur
699 999 845 1089 fluuium,
868 1022 901 1075 et
924 1011 1025 1075 fluuio
1048 1012 1169 1089 unitur,
1184 1023 1242 1077 aut
1270 1033 1359 1078 mare
1382 1016 1491 1095 intrat,
1513 1017 1623 1099 perdit
1645 1037 1775 1096 nomen,

369 1132 403 1185 et
419 1125 650 1207 exstinguitur.
696 1122 751 1187 Sic
767 1123 946 1205 Assyrium
965 1125 1139 1205 imperium
1158 1127 1274 1190 desiit:
1298 1128 1344 1190 sic
1361 1126 1528 1192 Persicum
1552 1129 1613 1192 sub
1637 1130 1776 1209 Parthis,

369 1243 404 1297 et
437 1245 537 1300 antea
576 1236 637 1299 sub
669 1235 949 1315 Macedonibus¹3
981 1246 1014 1299 et
1048 1237 1094 1300 sic
1129 1237 1406 1303 Macedonicum:
1437 1241 1483 1304 sic
1514 1242 1612 1305 desiit
1641 1242 1674 1304 in
1704 1251 1775 1305 tam

370 1350 484 1415 multis
506 1350 693 1432 regionibus
716 1348 926 1411 Romanum:
950 1369 1037 1431 quae
1052 1358 1168 1431 raptae
1184 1351 1216 1413 in
1236 1350 1380 1414 alienam
1403 1352 1664 1417 dominationem
1688 1364 1774 1428 sunt,

369 1471 428 1526 aut
448 1463 491 1526 de
510 1462 614 1526 seruis
635 1461 759 1524 liberae
776 1460 884 1525 sactae
906 1470 991 1525 sunt.
1036 1461 1087 1525 At
1110 1481 1176 1524 non
1199 1463 1297 1527 desiit
1320 1465 1502 1546 imperium,
1521 1467 1610 1548 quod
1634 1468 1775 1548 supersit

368 1575 403 1636 in
429 1574 540 1657 aliqua
567 1573 620 1636 uel
651 1573 844 1636 tenuissima
875 1582 977 1654 parte.
1035 1573 1113 1636 Non
1143 1574 1266 1639 desinit
1297 1575 1424 1653 fluuius,
1447 1577 1503 1658 qui
1534 1578 1702 1659 redigatur
1730 1579 1774 1642 ad

370 1694 564 1768 pertenuem
587 1705 694 1767 aquae
717 1703 913 1762 mensuram,
932 1693 966 1747 et
989 1685 1054 1747 iam
1077 1687 1239 1749 nominari
1262 1688 1366 1769 possit
1389 1689 1498 1751 riuus:
1530 1709 1606 1751 nam
1630 1699 1663 1752 et
1686 1691 1775 1752 riuus

369 1797 487 1860 fluuius
510 1806 560 1860 est
569 1795 592 1861 ².
638 1795 723 1862 Cum
747 1805 841 1876 parte
859 1795 915 1857 illa
933 1796 1125 1858 tenuissima
1146 1798 1267 1860 seruari
1287 1819 1408 1861 nomen
1428 1799 1512 1862 iuste
1532 1801 1649 1881 potuit,
1671 1810 1704 1864 et
1726 1802 1776 1863 ius

369 1908 506 1991 imperii.
551 1907 641 1990 Quid
664 1907 706 1983 ni,
727 1906 753 1969 si
777 1916 811 1969 et
833 1927 853 1969 a
875 1907 1034 1989 principio
1060 1907 1106 1971 sic
1130 1928 1202 1971 esse
1229 1909 1315 1973 intra
1338 1910 1502 1972 ambitum
1529 1912 1636 1993 potuit
1663 1909 1776 1974 urbis?

370 2019 487 2084 Simile
516 2019 657 2083 dixerim
688 2017 825 2100 peculio,
853 2018 944 2099 quod
975 2019 1126 2095 nascitur,
1153 2022 1278 2098 crescit,
1305 2020 1474 2098 decrescit,
1500 2022 1638 2085 moritur
1649 2021 1672 2084 ³.
1729 2021 1775 2085 Et

369 2132 458 2213 quod
490 2133 523 2194 in
554 2129 674 2213 pusillo
706 2129 860 2193 constitui
890 2149 929 2192 ac
955 2129 1087 2193 retineri
1114 2129 1213 2193 ualet.
1270 2129 1326 2195 Sic
1357 2133 1479 2195 seruari
1509 2132 1639 2216 collegii
1673 2144 1776 2215 atque

368 2243 511 2307 uniuersi
530 2243 579 2305 ius
598 2242 651 2306 uel
668 2243 701 2304 in
720 2261 796 2318 uno,
814 2241 876 2304 etsi
899 2240 961 2305 hoc
980 2243 1135 2306 constitui
1157 2262 1223 2304 non
1247 2252 1360 2323 posset
1384 2244 1416 2304 in
1440 2264 1515 2322 uno,
1536 2254 1587 2309 est
1605 2245 1775 2324 traditum,

369 2365 427 2418 aut
453 2365 587 2437 propter
612 2374 705 2435 spem
733 2353 1027 2433 redintegrationis,
1054 2363 1112 2416 aut
1142 2363 1278 2435 propter
1302 2353 1403 2417 aliam
1431 2356 1601 2434 rationem,
1627 2376 1714 2437 quae
1740 2366 1774 2419 et

368 2467 423 2531 hic
451 2467 540 2530 ualet
563 2465 596 2528 in
619 2465 832 2528 uniuersitate
859 2464 1048 2528 hominum:
1081 2485 1188 2528 rerum
1211 2465 1299 2528 enim
1326 2466 1528 2544 uniuersitas,
1553 2466 1655 2530 ueluti
1681 2488 1774 2549 grex,

369 2599 436 2642 non
466 2588 615 2642 seruatur
645 2578 678 2640 in
709 2597 775 2638 uno
785 2574 808 2639 ⁴.
856 2575 921 2639 Hic
955 2575 1123 2640 modicum
1153 2588 1330 2654 seruatum,
1361 2587 1528 2641 seruatum
1562 2588 1680 2642 seruat.
1728 2578 1775 2643 Et

369 2699 536 2755 seruatum
571 2689 632 2752 fuit
669 2688 841 2769 imperium
863 2679 918 2750 ¹sic
949 2688 1187 2764 Romanorum,
1216 2689 1395 2752 eiectorum
1425 2689 1497 2771 ipsa
1533 2690 1659 2772 imperii
1694 2691 1774 2754 sede

371 2800 661 2883 Constantinopoli
687 2821 707 2863 a
734 2785 879 2878 Francis,
903 2810 936 2863 et
967 2809 1156 2864 coactorum
1187 2809 1304 2882 postea
1331 2801 1364 2863 in
1391 2803 1514 2883 exigua
1543 2805 1665 2884 spacia,
1690 2824 1773 2866 mox

369 2923 403 2979 et
426 2916 557 2979 moenia
579 2914 648 2977 eius
667 2912 755 2974 urbis
779 2911 838 2974 uix
858 2909 1107 2975 defendentium
1126 2913 1288 2977 aTurcis.
1335 2912 1372 2978 Si
1394 2913 1475 2976 nihil
1494 2915 1638 2977 Romani
1661 2935 1775 2997 super·

368 3026 484 3090 suisset
511 3025 660 3108 imperii:
693 3045 753 3087 nos
779 3033 838 3087 aut
864 3023 990 3087 nudum
1018 3043 1139 3087 nomen
1166 3043 1232 3086 non
1259 3044 1469 3089 curaremus:
1500 3035 1558 3090 aut
1584 3025 1655 3102 hoc,
1682 3027 1773 3109 quod

368 3141 415 3204 sic
433 3138 655 3221 appellaretur
673 3137 873 3213 Romanum,
892 3136 994 3199 ueteri
1013 3136 1197 3199 diceremus
1219 3136 1445 3218 subrogatum.
1491 3137 1537 3200 Et
1558 3139 1773 3220 subrogatum

369 3262 520 3316 censetur
549 3252 638 3314 idem
648 3249 671 3312 ⁵.
718 3247 785 3312 Sed
816 3248 850 3311 id
877 3248 964 3312 nolo.
997 3248 1066 3310 imo
1095 3248 1182 3311 enim
1214 3250 1256 3311 de
1283 3250 1385 3312 ueteri
1413 3260 1571 3332 superest.
1618 3251 1773 3334 Regnum

370 3365 624 3428 Macedonicum
652 3339 685 3425 et
712 3381 816 3443 usque
841 3362 884 3424 ad
910 3360 1124 3442 Cleopatram
1152 3360 1351 3442 superfuisse
1374 3362 1511 3427 uolunt:
1543 3373 1575 3427 ct
1599 3363 1645 3427 ita
1668 3365 1775 3428 nomi-

369 3487 450 3541 nant
459 3477 480 3542 ⁰.
527 3476 572 3539 Et
591 3495 669 3557 ergo
692 3475 738 3537 ita
761 3472 841 3536 mihi
861 3473 999 3548 uidetur,
1018 3471 1192 3553 imperium
1213 3482 1285 3536 tum
1305 3472 1449 3551 desiisse,
1469 3494 1573 3555 quum
1595 3475 1685 3540 nulla
1704 3478 1774 3540 eius

370 3590 422 3652 uel
439 3588 575 3651 minima
591 3594 704 3650 exstat
725 3605 808 3667 pars,
828 3604 887 3647 nec
910 3593 1059 3666 superest
1082 3603 1213 3646 nomen.
1259 3583 1349 3646 Nam
1370 3585 1460 3666 quod
1479 3587 1642 3666 quosdam
1665 3586 1774 3652 dicere

368 3701 477 3777 audio,
503 3718 627 3762 nouum
654 3695 792 3778 intelligi
818 3705 970 3777 oportere
996 3695 1180 3775 imperium,
1202 3695 1293 3776 quod
1320 3693 1442 3776 lingua,
1468 3698 1622 3776 moribus,
1646 3699 1774 3782 legibus

368 3835 388 3877 a
411 3813 514 3874 ueteri
537 3811 684 3882 dissidet,
707 3808 740 3870 id
768 3806 848 3870 mihi
875 3825 941 3868 non
967 3804 1086 3886 placet.
1132 3803 1188 3869 Sic
1211 3807 1299 3867 enim
1323 3805 1513 3869 Romanum
1537 3808 1645 3890 ipsum
1668 3811 1773 3893 impe·

369 3926 461 4002 rium,
479 3922 568 4006 quod
587 3942 606 3984 a
626 3918 772 3984 Romulo
790 3918 861 3993 fuit,
881 3917 1033 3981 desiisset
1056 3915 1177 3998 pluries
1195 3915 1249 3978 uel
1273 3926 1351 3979 ante
1373 3926 1525 4000 tempora
1547 3920 1771 3985 barbarorum.

371 4038 465 4101 Haec
480 4042 619 4117 possunt
636 4040 763 4094 mutare
778 4029 919 4094 sormam
935 4028 1071 4110 imperii,
1087 4037 1122 4090 at
1138 4048 1204 4090 non
1227 4028 1401 4110 imperium
1424 4029 1550 4094 tollere.
1581 4041 1618 4096 ut
1637 4041 1674 4095 ut
1692 4034 1772 4097 dici-

368 4161 429 4228 tur,
444 4148 535 4231 quod
559 4166 618 4228 per
640 4143 766 4208 formae
786 4141 1051 4205 interemtionem
1074 4141 1146 4221 ipsa
1166 4160 1269 4222 prope
1288 4141 1333 4204 rei
1355 4141 1540 4205 substantia
1556 4142 1770 4207 interimatur.

718 4333 727 4363 ¹
745 4332 808 4382 Phil.
821 4331 897 4396 Quod
908 4331 948 4380 De
959 4331 997 4380 Sit
1009 4331 1055 4380 lm.
1068 4331 1105 4395 (p.
1118 4331 1179 4397 ³¹9)
1192 4337 1217 4380 et
1229 4331 1254 4379 in
1266 4331 1322 4381 lose
1335 4331 1415 4394 (545).

366 4425 376 4454 ²
396 4425 414 4475 l.
426 4438 448 4474 1.
457 4423 489 4473 de
500 4421 542 4471 flu.
554 4419 599 4484 (D.
611 4433 652 4483 43.
667 4417 722 4480 ra);
739 4416 755 4468 l.
766 4430 787 4467 r.
799 4415 830 4464 de
839 4412 884 4464 riu.
896 4413 991 4476 (D.43.
1006 4415 1059 4474 11);
1072 4411 1091 4460 l.
1105 4424 1127 4476 7.
1140 4427 1179 4475 30.
1190 4411 1269 4464 dead.
1279 4427 1312 4465 re.
1322 4414 1363 4464 do.
1376 4415 1422 4477 (D.
1433 4428 1474 4479 40.
1489 4416 1514 4478 1)
1520 4434 1527 4474 ;
1542 4417 1599 4466 Alc.
1611 4430 1633 4480 5.
1644 4432 1710 4467 cons.
1721 4417 1763 4482 69.

887 4497 897 4526 ⁸
915 4496 930 4544 l.
941 4509 981 4559 40·
994 4494 1025 4544 de
1037 4494 1109 4560 pecul
1121 4495 1167 4559 (D.
1182 4509 1219 4560 ¹5·
1234 4497 1268 4558 r).

367 4589 376 4620 4
394 4588 446 4640 Bal·
458 4603 543 4652 prom·
553 4586 586 4635 D¹
599 4591 623 4634 e,
635 4584 651 4633 1,
660 4599 684 4648 9,
695 4582 727 4631 de
739 4579 796 4646 legi,
809 4580 853 4643 (Ι),
868 4591 889 4629 1,
904 4579 928 4638 3)
941 4584 965 4626 et
978 4578 1007 4628 C.
1020 4592 1076 4642 qua.
1086 4593 1127 4629 no.
1138 4593 1178 4643 pe.
1189 4593 1230 4642 pa.
1243 4577 1276 4642 (6.
1292 4579 1345 4640 10);
1363 4579 1445 4628 Castr.
1457 4579 1474 4627 l.
1485 4593 1523 4629 απ.
1535 4580 1567 4630 de
1578 4581 1626 4643 leg.
1642 4594 1650 4629 r
1665 4581 1710 4642 (D.
1718 4585 1772 4644 30).

395 4673 405 4702 ⁵
421 4673 477 4722 Soc.
489 4670 507 4721 l.
521 4672 558 4718 28.
570 4669 601 4718 de
613 4667 684 4718 cond.
698 4664 743 4729 (D.
756 4679 795 4728 35.
810 4665 849 4724 1);
867 4661 945 4726 Ceph.
959 4676 1026 4710 cons.
1041 4674 1079 4710 20.
1093 4661 1131 4722 58.
1198 4661 1284 4710 ⁰1ren.
1296 4660 1339 4709 lib.
1352 4675 1374 4723 3.
1387 4677 1408 4710 c.
1423 4675 1467 4723 25;
1485 4663 1524 4713 Cl.
1538 4665 1569 4714 A.
1581 4663 1628 4713 Str.
1643 4678 1663 4712 1.
1673 4679 1695 4714 c.
1709 4678 1748 4712 21.

765 4777 869 4784 ——m
893 4775 1040 4782 ..d-...m
1420 4776 1763 4790 .———————-

367 4785 500 4795 ————

1058 4847 1081 4907 Q
