4522 5570
452 803 464 818 ,
489 734 550 812 148
971 741 1174 797 ALBERJCJ
1200 741 1401 796 caurum

489 989 671 1053 ‘infamem
706 988 784 1052 lecit
815 986 996 1052 uictoriam.
1028 1005 1106 1050 nam
1139 995 1253 1052 contra
1286 986 1336 1050 sas
1369 987 1489 1064 Deum,
1520 1007 1694 1071 moresque
1726 989 1888 1052 maiorum

487 1104 495 1132 ‘
511 1099 783 1165 medicaminibus
798 1098 934 1182 impuris
948 1106 1157 1164 sacrosancta
1172 1099 1326 1164 Romana
1342 1120 1434 1163 arma
1449 1098 1587 1164 uiolauit
1596 1097 1627 1158 ¹.'
1672 1100 1801 1164 Iniame
1815 1099 1888 1178 hoc,

485 1212 576 1294 quod
593 1221 626 1276 et
643 1211 752 1290 Silius,
766 1211 830 1276 huc
845 1219 944 1289 totus,

936 1383 943 1410 ‘
958 1377 1238 1454 -scelerataque
1261 1379 1357 1438 succis

730 1476 871 1554 ‘Spicula
893 1476 1023 1554 dirigere,
1045 1487 1075 1535 et
1095 1476 1203 1536 serrum
1225 1475 1366 1535 infamare
1387 1475 1534 1536 ueneno:'

485 1651 599 1710 contra
619 1643 754 1710 Arrost
798 1646 902 1710 Nefas
923 1644 987 1711 hoc
1009 1654 1079 1710 est:
1109 1655 1223 1709 contra
1244 1644 1295 1708 las
1318 1645 1429 1708 Deum
1452 1654 1511 1709 est.
1557 1644 1620 1708 Est
1642 1655 1756 1710 contra
1779 1667 1887 1711 mores

484 1757 656 1820 maiorum.
703 1757 796 1821 Bella
813 1760 920 1836 armis,
939 1777 1005 1822 non
1025 1758 1169 1835 uenenis,
1187 1757 1256 1839 geri
1276 1758 1405 1834 debere,
1423 1757 1599 1820 contestati
1618 1757 1665 1821 illi
1686 1768 1762 1822 sunt
1771 1759 1794 1823 ³.
1840 1761 1885 1825 Et

483 1866 548 1932 hoc
577 1878 693 1933 contra
722 1869 885 1949 Perseum,
914 1871 971 1953 qui
1001 1878 1115 1951 egerat
1146 1889 1222 1932 cum
1251 1868 1441 1932 Tarentino·
1464 1870 1620 1951 quodam,
1645 1877 1684 1933 ut
1714 1871 1885 1935 Romanos

485 1999 614 2044 ueneno
636 1980 749 2063 plures
771 1981 911 2046 tolleret.
968 1982 1083 2046 Liuius
1106 1983 1160 2060 sic,
1184 1981 1282 2044 ‘Non
1305 1981 1426 2045 iustum
1455 1983 1555 2046 modo
1578 2003 1737 2064 apparare
1759 1983 1884 2047 bellum

485 2092 598 2174 ‘regio
624 2093 745 2171 animo,
772 2094 830 2157 sed
860 2115 919 2177 per
944 2093 1055 2158 omnia
1084 2093 1289 2159 clandestina
1317 2093 1456 2175 grassari
1486 2092 1609 2157 scelera
1639 2094 1883 2158 latrociniorum

485 2207 546 2267 ‘ac
569 2203 843 2269 ueneficiomm⁴.’
889 2206 935 2270 Et
951 2205 1054 2270 habes
1074 2207 1235 2269 rationem
1254 2206 1426 2282 decimam,
1446 2206 1536 2287 quod
1560 2225 1626 2269 non
1649 2206 1775 2270 sithoc
1797 2207 1885 2289 prin-

485 2315 604 2397 cipum,
624 2316 683 2378 sed
700 2315 884 2383 latronum:
907 2318 1057 2400 adeoque
1075 2338 1137 2381 nec
1154 2317 1197 2381 sit
1214 2316 1380 2381 bellicum.
1426 2316 1543 2381 Habes
1562 2318 1780 2395 undecimam,
1794 2318 1884 2401 quod

484 2427 726 2491 clandestinum
749 2429 838 2493 idem
861 2430 922 2494 sit:
946 2437 981 2493 et
999 2429 1153 2494 bellicum
1176 2429 1276 2510 igitur
1297 2448 1357 2492 nec
1375 2428 1427 2493 sit.
1473 2429 1519 2492 Et
1542 2429 1588 2493 sic
1608 2429 1762 2494 Tiberius
1781 2431 1885 2513 impe-

485 2547 573 2603 rator
605 2548 638 2604 et
674 2549 815 2619 senatus,
849 2562 915 2605 non
947 2541 1070 2620 fraude,
1100 2561 1208 2624 neque
1240 2539 1387 2617 occultis,
1417 2540 1477 2603 sed
1510 2540 1621 2623 palam
1654 2551 1688 2604 et
1720 2551 1885 2604 armatum

484 2650 645 2732 populum
678 2651 868 2716 Romanum
898 2653 1010 2718 hostes
1043 2673 1120 2716 suos
1148 2651 1270 2728 ulcisci,
1302 2651 1541 2732 responderunt
1573 2650 1771 2715 Chattorum
1799 2653 1888 2734 prin-

484 2761 571 2843 cipi:
604 2761 660 2843 qui
691 2762 844 2842 Arminii,
874 2763 979 2828 hostis
1008 2763 1191 2827 saeuissimi
1216 2761 1409 2850 perfidique,
1439 2771 1579 2826 mortem
1609 2762 1833 2845 pollicebatur,
1859 2765 1887 2827 si

485 2872 667 2954 patrandae
689 2875 760 2938 neci
784 2895 951 2938 uenenum
977 2875 1169 2939 mitteretur.
1200 2883 1301 2955 atque
1323 2873 1386 2937 ista
1407 2872 1512 2956 gloria
1538 2875 1703 2956 aequabat
1730 2895 1765 2938 se
1786 2874 1887 2939 Tibe·

485 2985 551 3047 rius
580 2985 694 3066 priscis
724 2985 996 3069 imperatoribus:
1035 2987 1092 3068 qui
1120 3004 1285 3048 uenenum
1315 2985 1348 3048 in
1375 2984 1538 3067 Pyrrhum
1565 3006 1676 3067 regem
1704 2996 1887 3064 uetuerant,

483 3097 795 3179 prodiderantque⁶.
832 3093 1039 3175 ‘Fabricius'
1062 3096 1168 3178 inquit
1191 3094 1326 3174 Seneca,
1349 3096 1485 3179 ‘Pyrrhi
1512 3098 1598 3179 regis
1623 3117 1740 3160 aurum
1761 3097 1887 3180 repulit.

484 3211 604 3288 ‘idem,
623 3211 752 3291 medico
772 3212 887 3294 Pyrrhi
905 3211 1128 3294 promittente,
1147 3230 1184 3274 se
1202 3229 1367 3274 uenenum
1385 3211 1454 3293 regi
1473 3212 1636 3290 daturum,
1655 3212 1784 3276 monuit
1806 3212 1887 3293 Pyr·

484 3322 612 3400 ‘rhum,
636 3333 767 3387 caueret
793 3324 936 3388 insidias.
968 3323 1117 3388 eiusdem
1142 3321 1243 3386 animi
1267 3320 1337 3400 luit,
1362 3342 1442 3386 auro
1464 3342 1532 3387 non
1553 3323 1647 3401 uinci,
1670 3343 1797 3387 ueneno
1820 3343 1886 3387 non

483 3431 649 3498 ‘uincere
693 3433 862 3500 Admirati
886 3456 1000 3499 sumus
1023 3435 1192 3517 ingentem
1214 3433 1330 3511 uirum,
1351 3443 1393 3511 et,
1415 3435 1505 3517 quod
1528 3433 1756 3498 difficillimum
1779 3435 1886 3498 estin

484 3544 604 3622 ‘bello‚
626 3546 856 3625 innocentem
886 3548 952 3630 qui,
972 3545 1096 3629 aliquid
1119 3566 1199 3624 esse,
1223 3545 1370 3622 credidit,
1393 3546 1427 3608 in
1453 3544 1574 3624 hostes,
1597 3545 1688 3608 nefas
1698 3544 1728 3610 ⁶!
1785 3544 1885 3609 Clau-

483 3660 601 3724 dianus
623 3668 719 3723 notat
741 3659 794 3726 hic
816 3660 906 3724 aliud
930 3662 1062 3739 crimen,
1084 3660 1217 3724 ‘Noxia
1239 3657 1423 3742 pollicitum
1447 3659 1582 3722 domino
1603 3659 1738 3722 miscere
1756 3678 1884 3722 uenena

483 3770 676 3835 ‘Fabricius
705 3773 774 3854 regi
804 3774 930 3838 nudata
955 3773 1071 3838 fraude
1101 3772 1234 3851 remisit,
1261 3771 1379 3836 infesto
1408 3791 1508 3853 quem
1539 3771 1649 3834 Marte
1677 3771 1783 3852 petit:
1814 3770 1884 3833 bel-

481 3882 641 3965 ‘lumque
661 3884 796 3965 negauit
818 3905 877 3967 per
896 3884 1011 3949 famuli
1033 3894 1164 3968 patrare
1186 3879 1321 3947 nesas⁷.'
1365 3880 1443 3965 Quo
1466 3883 1509 3946 de
1531 3881 1666 3946 crimine
1688 3881 1883 3964 proditionis

482 4003 559 4077 post
593 3995 678 4059 dico.
737 3995 898 4080 Legimus
930 4007 1041 4062 autem
1075 3999 1165 4080 apud
1198 3995 1308 4079 plures
1346 3994 1521 4077 epistolam
1558 3995 1601 4058 ad
1639 3993 1812 4076 Pyrrhum.
1850 4003 1884 4058 et

482 4107 642 4185 audimus,
661 4127 727 4170 non
749 4129 821 4172 esse
844 4109 1027 4173 communis
1048 4107 1201 4191 exempli,
1219 4107 1371 4189 fideique,
1391 4106 1506 4189 preti0,
1524 4105 1681 4189 praemio,
1700 4106 1778 4170 dolo
1799 4123 1883 4188 pug-

482 4216 592 4282 nare⁸.
638 4218 859 4304 Intelligimus
874 4231 986 4286 autem
1002 4221 1046 4285 de
1063 4219 1149 4285 dolis
1163 4218 1215 4282 his
1230 4218 1333 4297 malis,
1350 4226 1383 4282 et
1399 4217 1494 4282 malis
1512 4217 1690 4296 fraudibus,
1708 4237 1794 4300 quae
1811 4225 1883 4280 tum

514 4467 787 4521 ¹Flor.lib.a.c.2o.
864 4467 934 4519 ¹811.
946 4468 997 4532 3.l.
1012 4477 1066 4532 ²⁷²·
1079 4468 1147 4532 15.l.
1159 4467 1216 4532 685.
1281 4469 1524 4532 ‘Val.lib.6.c.5.
1590 4468 1867 4531 ‘Liu.lib.42.c18.

627 4551 637 4580 ⁸
653 4552 715 4602 Tac.
729 4566 750 4601 2.
763 4553 828 4600 Ann.
841 4567 862 4601 c.
875 4551 915 4600 88.
1012 4549 1023 4579 ¹
1039 4550 1095 4602 sen.
1109 4551 1156 4616 Ep.
1171 4563 1225 4600 120.
1332 4547 1344 4580 ἵ
1359 4551 1448 4603 Claud.
1460 4551 1492 4602 de
1503 4551 1556 4601 Bel.
1570 4550 1736 4614 Gild.l.271.

753 4633 844 4684 'Plut
856 4633 942 4698 Pyrr.;
958 4631 1023 4684 Gall.
1035 4633 1080 4683 lib.
1092 4645 1114 4697 3.
1127 4648 1148 4684 c.
1161 4633 1190 4690 8;
1208 4631 1265 4684 Vel.
1277 4631 1334 4684 hc„
1347 4646 1377 4698 53
1394 4632 1467 4684 Salis.
1481 4647 1503 4698 5.
1515 4634 1583 4699 Nug.
1597 4644 1619 4697 7.
