4522 5570
746 712 806 765 DE
834 711 938 766 IURE
969 711 1104 782 BELLI,
1132 711 1212 768 LIB.
1235 712 1277 784 II,
1309 712 1397 770 CAP.
1425 715 1473 770 VI.
1742 722 1800 789 151

408 957 503 1018 ‘tum
521 964 580 1033 est,
595 955 724 1020 hostem
740 975 867 1020 ueneno
885 956 1042 1035 occidere,
1058 955 1141 1020 sicut
1156 957 1254 1020 docet
1270 955 1432 1038 Uegetius
1442 954 1472 1021 ¹.'
1517 956 1629 1020 Etiam
1648 957 1806 1035 defendit,

406 1067 570 1148 corrumpi
597 1087 700 1148 aquas
726 1067 811 1130 iuste
836 1087 936 1150 posse
961 1077 1074 1132 contra
1099 1066 1223 1132 hostes.
1280 1068 1367 1132 Ecce
1393 1069 1467 1133 dico
1493 1070 1606 1133 statim
1629 1069 1711 1133 alios
1738 1091 1804 1134 non

407 1179 670 1242 contemnendae
696 1178 783 1242 uiros
809 1179 1022 1258 auctoritatis
1048 1180 1105 1261 qui
1131 1179 1220 1243 idem
1246 1177 1358 1244 uelint.
1412 1178 1481 1243 Sed
1507 1200 1593 1244 nunc
1620 1183 1804 1264 respondeo

406 1289 523 1356 Baldo
569 1291 615 1354 Et
637 1290 788 1373 primum,
804 1291 893 1372 quod
915 1291 943 1354 si
959 1290 1122 1372 Uegetius
1145 1289 1225 1354 illud
1248 1290 1368 1369 scribit,
1383 1291 1473 1373 quod
1496 1313 1559 1374 ego
1581 1313 1646 1356 non
1669 1292 1804 1356 memini

405 1410 528 1480 tamen,
547 1423 607 1466 nec
628 1402 734 1480 credo,
753 1402 799 1466 sic
821 1402 900 1466 facit
922 1402 957 1464 in
977 1401 1223 1484 stratagematis
1243 1397 1388 1487 (opinor)
1410 1404 1626 1482 recensendis,
1645 1424 1732 1486 quae
1754 1405 1804 1469 ius

406 1532 473 1575 non
495 1512 626 1590 faciunt,
649 1521 684 1576 at
705 1512 876 1576 barbarica
900 1522 996 1577 sunt:
1030 1522 1066 1577 ut
1093 1513 1173 1576 dixi.
1231 1511 1294 1576 His
1321 1512 1396 1594 plus
1423 1514 1572 1595 gaudent
1597 1514 1693 1578 malis
1719 1513 1804 1579 dolis

406 1632 440 1687 et
466 1623 611 1705 perfidiis
632 1623 771 1701 barbari,
788 1644 887 1705 quam
910 1624 1009 1688 armis
1017 1622 1039 1688 ².
1095 1624 1141 1687 Et
1167 1624 1279 1706 itaque
1302 1633 1416 1687 monet
1443 1624 1636 1707 Polyaenus,
1662 1635 1700 1689 ut
1722 1625 1804 1689 nihil

406 1757 581 1801 caueamus
600 1737 633 1800 in
650 1737 797 1801 barbaris
817 1737 933 1819 magis.
977 1735 1086 1800 Addit
1109 1737 1143 1798 in
1162 1737 1364 1819 disputando
1383 1736 1515 1816 Baldus,
1533 1739 1623 1819 quod
1643 1737 1670 1801 si
1689 1737 1804 1802 effusio

405 1849 573 1932 sanguinis
591 1856 641 1912 est
659 1848 827 1931 permissa,
843 1848 948 1912 multo
968 1849 1028 1912 erit
1045 1849 1152 1930 magis
1166 1849 1325 1931 permissa
1340 1847 1422 1912 haec
1440 1848 1604 1931 corruptio
1620 1848 1803 1927 fluuiorum,

405 1967 439 2023 et
466 1959 625 2023 eiusmodi
652 1981 703 2024 res
728 1960 793 2024 alia
817 1960 995 2043 quaelibet.
1050 1959 1150 2043 Quod
1179 1959 1259 2022 nihil
1286 1968 1345 2023 est.
1400 1961 1490 2024 Nam
1514 1969 1548 2023 et
1574 1959 1645 2043 ipse
1667 1961 1722 2039 ait,
1744 1981 1804 2043 per

405 2072 629 2154 corruptiones
650 2072 730 2136 istas
752 2073 821 2136 lieri
845 2082 967 2136 mortes
990 2072 1214 2137 innocentium
1237 2072 1351 2154 magis,
1371 2092 1471 2154 quam
1490 2071 1712 2155 culpabilium.
1757 2072 1803 2138 Et

401 2184 485 2262 dixi,
505 2185 642 2248 modum
661 2184 834 2266 prohiberi.
879 2184 925 2248 Et
942 2185 986 2248 de
1004 2185 1105 2249 modo
1125 2194 1175 2248 est
1194 2185 1353 2265 quaestio.
1398 2183 1467 2248 Sed
1487 2191 1566 2248 nota
1584 2183 1685 2248 etiam
1707 2156 1803 2249 lialdi

404 2295 530 2360 dictum
554 2297 597 2360 de
623 2295 783 2360 mortibus
807 2296 1031 2359 innocentium
1056 2316 1117 2378 pro
1144 2297 1270 2360 ratione
1296 2295 1456 2378 uigesima
1485 2304 1600 2360 contra
1629 2295 1803 2360 infectores

310 2409 316 2424 '
403 2407 643 2472 elementorum
669 2408 904 2472 communium.
948 2406 1059 2472 Addit
1082 2407 1205 2472 Baldus
1229 2407 1263 2470 in
1289 2405 1378 2470 bello
1404 2406 1584 2485 defensiuo,
1605 2408 1695 2490 quod
1721 2407 1802 2471 nihil

403 2518 446 2582 sit
475 2515 663 2581 illaudabile
692 2517 726 2580 in
759 2517 813 2581 uia
845 2517 1053 2581 defensionis.
1099 2517 1200 2601 Quod
1233 2527 1267 2582 et
1294 2517 1466 2582 manifeste
1499 2527 1550 2581 est
1581 2517 1711 2582 falsum.
1757 2518 1803 2582 Et

402 2627 550 2692 defensio
576 2627 663 2691 enim
690 2648 761 2692 esse
787 2628 955 2710 inculpata
980 2629 1089 2692 debet.
1144 2628 1184 2691 In
1211 2647 1332 2711 magna
1358 2629 1554 2692 necessitate
1580 2630 1607 2692 si
1634 2629 1669 2692 id
1696 2629 1802 2706 liceat,

402 2759 540 2822 quaeres
561 2739 716 2804 fortassis.
761 2737 860 2822 Quod
886 2759 1030 2822 namque
1051 2739 1176 2803 licitum
1199 2759 1266 2803 non
1289 2748 1339 2803 est
1362 2739 1395 2802 in
1418 2739 1499 2821 lege,
1523 2739 1701 2803 necessitas
1723 2739 1803 2804 facit

402 2848 538 2914 licitum.
568 2869 645 2913 nam
665 2859 699 2913 et
716 2848 915 2912 sabbathum
933 2849 1090 2913 custodiri
1109 2857 1323 2934 praeceptum
1341 2857 1431 2912 erat:
1456 2848 1670 2914 Macchabaei
1688 2859 1802 2916 tamen

402 2961 473 3025 sine
497 2960 594 3043 culpa
619 2968 807 3044 pugnarunt
831 2960 864 3022 in
887 2959 1052 3024 sabbatho
1062 2960 1083 3025 ³.
1130 2961 1286 3027 Ceterum
1308 2962 1554 3043 respondemus,
1577 2963 1666 3044 quod
1689 2971 1803 3027 nostra

402 3072 580 3137 necessitas
602 3093 669 3136 non
691 3071 794 3136 habet
817 3072 940 3136 uiolare
962 3073 1032 3136 iura
1054 3073 1316 3137 aduersariorum
1342 3082 1537 3152 nostrorum,
1560 3094 1626 3137 non
1650 3073 1722 3137 iura
1743 3075 1802 3138 ali·

400 3184 501 3248 cuius.
546 3181 759 3265 Quamquam
786 3183 874 3246 enim
902 3183 1045 3248 creditur
1070 3184 1196 3248 licitum
1223 3183 1321 3248 furari
1349 3185 1382 3247 in
1408 3205 1485 3250 casu
1511 3185 1736 3250 necessitatis:
1767 3187 1802 3250 id

402 3314 463 3360 nec
486 3315 557 3359 esse
578 3294 702 3358 furtum
725 3294 932 3358 defenditur:
956 3295 1033 3377 quia
1054 3305 1204 3378 tempore
1227 3297 1429 3360 necessitatis
1452 3296 1668 3361 comestibilia
1690 3297 1803 3362 omnia

401 3408 467 3471 sint
497 3407 686 3472 communia
695 3403 717 3470 ⁴.
774 3405 849 3470 Hoc
879 3406 959 3470 item
988 3406 1065 3471 belli
1095 3407 1145 3471 ius
1176 3417 1234 3486 est,
1260 3409 1294 3471 in
1324 3408 1537 3473 necessitates
1566 3408 1802 3490 insuperabiles

401 3517 561 3582 coniicere
586 3515 739 3596 hostem;
770 3517 932 3598 aquibus
957 3517 984 3581 si
1012 3519 1152 3582 euadere
1178 3519 1256 3583 licet
1277 3539 1336 3601 per
1361 3539 1496 3582 omnem
1520 3521 1666 3596 modurn,
1690 3519 1802 3585 licebit

401 3649 481 3693 sane
506 3638 540 3692 et
565 3627 710 3710 perfidus
737 3647 816 3705 esse,
842 3636 876 3692 et
902 3628 1057 3710 periurus,
1080 3631 1215 3711 etquid
1243 3626 1332 3692 non?
1376 3629 1423 3693 Et
1449 3629 1496 3693 sic
1520 3649 1620 3692 omne
1645 3629 1801 3695 bellicum

401 3739 536 3804 tolletur
554 3738 796 3816 commercium,
815 3747 848 3802 et
868 3739 918 3801 ius
936 3757 1035 3802 omne
1052 3737 1207 3802 bellicum
1225 3738 1422 3803 abolebitur.
1466 3740 1564 3803 ‘Non
1582 3739 1678 3803 facile
1695 3741 1801 3805 addu-

401 3846 497 3928 ‘cor,’
514 3848 620 3930 inquit
639 3848 834 3927 Bernardus,
849 3848 995 3913 ‘licitum
1014 3849 1205 3926 consentire,
1219 3849 1309 3931 quod
1327 3857 1378 3913 tot
1393 3848 1505 3912 illicita
1520 3851 1659 3932 parturit
1668 3850 1702 3914 ⁶.’
1745 3852 1800 3916 De

401 3959 594 4024 ceremoniis
611 3979 710 4041 porro
733 3957 813 4024 illud
833 3969 884 4023 est
902 3959 1214 4024 Macchabaeicum:
1236 3979 1322 4041 quae
1340 3968 1429 4023 certe
1450 3961 1573 4024 cedunt
1594 3960 1798 4026 necessitati:

400 4080 436 4135 et
462 4067 543 4132 nihil
570 4071 613 4134 ad
639 4069 753 4134 hostes
778 4079 929 4154 spectant
940 4071 963 4135 ⁶.
1008 4071 1062 4135 De
1082 4092 1150 4154 quo
1177 4079 1212 4135 et
1233 4070 1339 4135 scribo
1365 4071 1398 4134 in
1422 4070 1488 4134 fine
1511 4071 1584 4136 libri
1614 4073 1798 4156 superioris.

433 4396 442 4426 ¹
459 4397 513 4447 Bal.
527 4412 549 4447 2.
561 4413 627 4450 oons.
642 4398 696 4450 188.
781 4399 792 4427 ²
807 4398 925 4464 Polyaen.
938 4398 982 4450 lib.
995 4407 1018 4462 7.
1099 4399 1110 4429 ⁸
1126 4414 1147 4449 c
1159 4416 1183 4464 4
1194 4398 1226 4450 de
1237 4415 1288 4464 reg.
1300 4400 1353 4462 iu.;
1372 4413 1393 4451 1.
1405 4401 1472 4452 Mac.
1487 4413 1532 4460 ης
1550 4402 1600 4452 Ios.
1614 4414 1651 4464 14.
1664 4402 1723 4452 Ant
1738 4423 1761 4465 4.

492 4477 502 4508 ⁴
521 4480 587 4545 Aug.
599 4479 616 4532 l.
630 4495 652 4534 2.
663 4482 694 4532 de
705 4481 736 4532 le.
750 4481 798 4533 Rh.
812 4481 857 4546 (D.
872 4497 910 4546 14.
924 4483 964 4545 a);
982 4481 1044 4534 Dec.
1056 4482 1073 4532 l.
1088 4496 1141 4534 m.
1153 4483 1184 4533 de
1196 4499 1247 4548 reg.
1258 4483 1291 4533 iu.
1304 4483 1349 4548 (D.
1363 4498 1402 4548 50.
1417 4485 1473 4547 17);
1491 4483 1543 4535 Sot.
1557 4499 1579 4548 5.
1588 4485 1621 4535 de
1631 4484 1668 4534 lu.
1682 4499 1705 4548 3.

760 4563 770 4594 ⁸
787 4563 842 4614 Ber.
855 4577 877 4626 3.
889 4565 921 4615 de
932 4565 1033 4616 Consid.
1046 4581 1070 4628 4.
1286 4564 1297 4594 ¹
1314 4566 1389 4616 Deut.
1403 4565 1441 4614 16.

1724 4747 1798 4760 ,-
