4522 5570
726 750 785 802 ua
815 751 917 804 runa
946 751 1079 822 ,naum
1109 752 1188 808 rra
1212 753 1236 822 r,
1269 753 1355 808 can
1379 755 1447 809 nar.
1552 733 1554 738 '

977 1165 1066 1237 Car.
1100 1165 1192 1238 XX.

710 1367 771 1438 De
794 1369 971 1440 humanis-
992 1369 1127 1441 caussis
1154 1368 1239 1440 belli
1262 1368 1455 1465 inferendi.

428 1562 623 1630 HUMANAS
642 1589 772 1633 caussas
790 1572 928 1635 dicimus
943 1574 1023 1636 alias
1041 1593 1173 1637 omnes:
1197 1593 1299 1655 quum
1318 1573 1442 1652 uiolato
1458 1573 1568 1655 aliquo
1588 1574 1655 1636 lure
1673 1574 1781 1638 homi-

386 1695 465 1738 num
488 1677 531 1740 ad
555 1679 677 1743 bellum
700 1682 916 1747 descenditur.
963 1685 1061 1762 Nam,
1080 1687 1201 1748 iustum
1225 1705 1304 1763 esse,
1321 1685 1430 1749 ulcisci
1453 1685 1593 1761 iniurias,
1613 1696 1646 1749 et
1669 1688 1784 1768 punire

386 1781 552 1867 nocentes,
567 1801 600 1856 et
619 1792 668 1854 ius
687 1814 782 1856 suum
802 1796 975 1873 uindicare,
995 1797 1168 1860 definitum
1187 1807 1246 1860 est.
1291 1797 1341 1859 At
1359 1797 1492 1878 quando
1512 1795 1672 1860 uiolatum
1696 1799 1784 1860 dice-

386 1920 460 1963 mus
482 1901 553 1964 ius?
599 1903 724 1986 Utique
746 1927 848 1987 quum
870 1909 949 1971 certi
968 1909 1011 1971 de
1029 1929 1068 1971 ea
1090 1930 1124 1972 re
1147 1911 1275 1987 erimus,
1292 1919 1328 1971 ut
1351 1917 1400 1971 est
1418 1928 1550 1989 quoque
1574 1910 1784 1990 expositum:

386 2021 421 2075 et
444 2013 589 2097 theologi
612 2017 727 2080 itidem
750 2019 895 2082 scribunt
905 2019 925 2082 ¹.
966 2021 1085 2102 Neque
1108 2021 1195 2085 enim
1215 2020 1268 2084 hic
1292 2029 1342 2083 est
1361 2019 1493 2098 bellum,
1510 2022 1570 2082 nisi
1589 2041 1665 2102 pars
1684 2042 1783 2102 quae-

385 2124 464 2187 dam
483 2127 634 2206 iustitiae,
649 2149 735 2210 quae
752 2131 867 2212 punire
886 2133 1021 2196 crimina
1043 2131 1131 2196 uelit.
1178 2134 1255 2195 Non
1275 2143 1323 2195 est
1342 2142 1454 2195 autern
1473 2153 1580 2214 poena
1599 2134 1659 2195 nisi
1679 2134 1785 2197 crimi-

386 2236 482 2300 nibus
503 2240 598 2301 certis
608 2239 630 2304 ².
676 2241 722 2305 Et
739 2242 875 2306 dubium
899 2254 1010 2308 tamen
1034 2246 1060 2308 si
1080 2246 1169 2326 quod
1189 2245 1327 2321 uidetur,
1346 2264 1452 2326 neque
1475 2245 1508 2306 id
1532 2244 1611 2306 uelit
1634 2244 1785 2325 princeps

388 2348 570 2433 relinquere
589 2352 806 2417 indiscussum
826 2365 860 2419 et
877 2356 1093 2429 indefinitum,
1112 2357 1236 2420 tardius
1251 2357 1395 2438 quidem,
1411 2358 1469 2419 sed
1492 2357 1628 2420 accedet
1649 2356 1784 2418 tandem

387 2463 430 2524 ad
455 2483 546 2527 arma
569 2465 670 2528 etiam
692 2487 751 2548 pro
775 2488 809 2530 re
831 2469 941 2546 dubia,
964 2470 990 2532 si
1015 2469 1098 2533 alter
1119 2490 1139 2532 a
1162 2491 1229 2551 quo
1253 2469 1413 2532 uiolatum
1439 2469 1488 2532 ius
1512 2471 1663 2545 creditur,
1686 2478 1785 2550 neget

387 2574 545 2638 inermem
569 2578 678 2641 subire
700 2581 983 2663 disceptationem,
1003 2592 1061 2645 aut
1087 2603 1146 2664 per
1169 2584 1266 2645 istam
1294 2582 1567 2663 disceptationem
1595 2603 1661 2644 non
1687 2581 1785 2644 abso-

388 2686 487 2750 luitur
506 2710 566 2753 res.
612 2690 778 2755 Uidelicet
797 2693 937 2756 uincitur
958 2694 1046 2756 mala
1069 2713 1167 2756 causa
1189 2694 1257 2757 eius
1281 2694 1337 2774 qui
1360 2715 1396 2756 se
1414 2694 1545 2775 probari
1567 2714 1632 2756 non
1652 2695 1785 2776 patitur.

388 2801 434 2865 Et
450 2821 631 2883 numquam
647 2824 780 2868 necesse
796 2815 855 2880 est,
869 2825 930 2868 nos
945 2807 1094 2868 deserere
1109 2807 1398 2887 inuestigationem
1416 2806 1492 2868 iuris
1508 2806 1620 2869 nostri.
1658 2805 1785 2868 Leuem

389 2933 467 2976 uero
483 2913 632 2979 iniuriam
649 2937 720 2980 esse
736 2938 917 2999 numquam
933 2926 1065 2999 oportet
1081 2938 1168 2999 quae
1186 2917 1311 2980 malum
1326 2918 1412 2981 adeo
1429 2925 1526 2980 atrox
1542 2926 1752 2980 commoueat
1763 2916 1785 2982 ³.

388 3023 534 3104 Audisti,
550 3047 634 3108 quae
656 3030 700 3091 de
722 3030 809 3092 iusto
832 3039 922 3092 metu
947 3029 1153 3093 tradidimus.
1200 3030 1249 3092 Ut
1272 3030 1360 3092 enim
1384 3049 1443 3111 pro
1466 3029 1530 3091 leui
1553 3039 1585 3091 et
1604 3030 1736 3104 damn0,
1752 3039 1786 3092 et

389 3137 506 3199 iniuria
523 3139 725 3219 priuatorum
746 3140 842 3202 detur
865 3139 1002 3220 priuatis
1020 3140 1117 3216 acti0,
1136 3160 1202 3201 non
1222 3149 1334 3202 tamen
1356 3139 1567 3220 magistratus
1590 3140 1697 3200 exerit
1715 3137 1785 3220 gla-

387 3250 480 3312 dium
506 3250 567 3312 nisi
594 3271 638 3314 ex
664 3251 858 3332 grauissima
884 3272 991 3315 causa.
1037 3250 1083 3312 Et
1110 3251 1228 3314 medici
1256 3271 1321 3314 non
1350 3251 1410 3312 nisi
1436 3250 1637 3333 grauissimis
1663 3250 1785 3313 morbis

389 3361 535 3425 remedia
557 3363 750 3444 grauissima
772 3363 931 3426 afferunt:
963 3382 1104 3444 eumque
1127 3373 1263 3426 censent
1285 3363 1473 3445 imperitum
1497 3371 1529 3424 et
1556 3361 1784 3438 inhumanum,

388 3474 443 3554 qui
460 3473 580 3537 sermm
596 3484 629 3537 et
648 3475 758 3556 ignem
775 3475 954 3537 meditatur
968 3474 1063 3537 aliter
1084 3483 1186 3556 atque
1201 3473 1342 3538 molitur.
1385 3473 1603 3555 Uituperatus
1622 3485 1655 3538 et
1675 3473 1784 3538 Draco

388 3586 432 3649 ab
451 3586 611 3661 omnibus,
628 3587 684 3668 qui
706 3608 765 3669 pro
783 3588 905 3650 delicto
923 3588 1040 3667 quouis
1062 3589 1256 3669 sanguinem
1281 3597 1314 3648 et
1333 3587 1436 3650 uitam
1456 3588 1632 3669 poscebat:
1657 3598 1690 3651 et
1710 3607 1785 3650 san-

388 3699 487 3780 guine
510 3699 626 3776 uerius,
644 3719 743 3780 quam
766 3708 953 3761 atramento
975 3698 1066 3778 leges
1089 3697 1327 3779 conscripserit.
1375 3698 1490 3762 Monet
1514 3698 1720 3776 Aristoteles,
1744 3719 1786 3761 ne

388 3811 513 3873 bellum
534 3811 728 3892 suscipiatur
750 3809 793 3872 ob
817 3809 924 3871 leuem
947 3828 1081 3871 causam
1091 3808 1113 3866 ⁴.
1159 3808 1333 3889 Augustus
1355 3809 1516 3886 laudatur,
1539 3811 1628 3890 quod
1652 3830 1718 3871 non
1741 3809 1785 3872 ob

388 3922 495 3985 leuem
512 3921 675 4003 suscipere
691 3941 823 3985 causam
839 3919 1077 3983 consueuerat
1115 3919 1160 3982 Et
1176 3918 1304 3981 barbari
1321 3918 1366 3980 illi
1383 3939 1447 3981 uon
1463 3919 1608 3995 barbare,
1625 3919 1785 4001 ‘Quibus-

389 4033 461 4094 ‘uis
484 4031 605 4095 caussis
628 4031 763 4105 moueri,
786 4029 1009 4106 uanissimum,
1032 4029 1058 4092 si
1081 4028 1264 4092 tolerabilia
1291 4038 1375 4106 sunt,
1399 4049 1458 4092 nec
1481 4029 1661 4092 absurdum
1688 4039 1783 4108 stare,

389 4150 448 4209 ‘at
474 4143 668 4207 insanabilia
692 4152 725 4206 et
752 4141 897 4222 ingentia
921 4142 990 4222 pati
1013 4151 1046 4204 et
1070 4140 1231 4216 indecora,
1252 4140 1315 4203 hoc
1338 4140 1453 4217 timidi,
1474 4151 1507 4203 et
1531 4141 1653 4203 desidis
1662 4136 1693 4205 ⁰.’
1740 4140 1785 4205 Et

387 4251 433 4312 ita
451 4248 617 4313 maximus
632 4255 745 4310 auctor
757 4244 922 4328 Polybius,
935 4249 941 4276 ‘
953 4244 1163 4326 Fugiendum
1178 4243 1313 4322 bellum,
1326 4265 1391 4308 non
1407 4255 1519 4308 tamen
1537 4254 1573 4309 ut
1588 4245 1700 4307 omnia
1716 4246 1785 4327 pati

492 4545 501 4573 ¹
517 4545 580 4596 Bell.
592 4559 615 4609 5.
627 4547 700 4594 Cont.
715 4559 737 4606 3.
750 4561 772 4594 e.
789 4557 826 4607 15.
959 4542 969 4570 ²
985 4543 1001 4592 l.
1014 4558 1037 4604 5.
1051 4542 1082 4592 de
1093 4558 1166 4608 poen.
1180 4542 1226 4604 (D.
1239 4543 1279 4605 48.
1294 4545 1344 4608 19).
1476 4543 1486 4572 ³
1502 4543 1557 4593 Sen.
1572 4543 1642 4594 Suus.
1655 4555 1678 4604 5.

573 4629 583 4659 ⁴
599 4627 676 4676 Arist.
691 4635 711 4690 7.
725 4626 778 4676 Pol.
796 4640 832 4690 ¹4·
848 4638 886 4674 τι.
992 4625 1001 4654 ³
1018 4625 1084 4676 Suet.
1098 4626 1164 4690 Aug.
1178 4639 1215 4675 21.
1230 4640 1267 4688 ²5·
1373 4625 1384 4654 ⁶
1400 4629 1476 4689 Agat.
1490 4640 1511 4687 3.
1525 4625 1601 4675 Goth.

1076 4869 1098 4916 N
