4534 5576
492 739 552 807 162
975 749 1178 804 ALBERICI
1206 749 1406 804 GENTILIS

488 994 740 1076 grauissimum:
774 1002 808 1058 et
834 1013 894 1077 pro
916 1014 983 1076 qua
1010 994 1169 1056 mundum
1196 1002 1305 1057 totum
1332 993 1364 1055 in
1390 993 1497 1056 forma
1523 1013 1582 1055 sua
1609 989 1802 1054 exornanda
1828 986 1889 1050 sibi

489 1105 684 1186 composuit,
714 1114 747 1168 et
777 1103 942 1168 mirabiles
970 1103 1043 1168 illas
1073 1124 1209 1168 ueneres
1239 1103 1396 1167 orationis
1426 1102 1551 1167 effudit.
1608 1101 1653 1164 Et
1680 1120 1787 1182 neque
1808 1096 1891 1160 haec

488 1225 603 1280 tamen
622 1215 816 1280 laudantur:
840 1236 947 1298 neque
965 1225 1096 1299 praeter
1112 1216 1269 1280 affectum
1286 1216 1376 1279 aliud
1395 1215 1587 1297 quidquam.

532 1327 645 1390 Etiam
675 1328 842 1391 notandae
870 1325 925 1391 hic
955 1327 1164 1409 quaestiones
1193 1336 1270 1391 sunt
1299 1327 1405 1405 duae3
1444 1347 1509 1389 una
1538 1325 1581 1388 de
1613 1322 1782 1407 parricidis
1811 1320 1891 1402 ipsis

486 1443 520 1500 et
554 1436 687 1501 sicariis.
731 1436 836 1500 altera
873 1438 915 1500 de
950 1439 1149 1502 auctoribus.
1210 1437 1308 1501 Punit
1343 1436 1489 1501 Corbulo
1522 1436 1698 1499 barbarum
1735 1430 1889 1507 nobilem,

486 1547 560 1630 ‘qui
604 1548 714 1630 specie
757 1547 924 1611 amicitiae
965 1547 1080 1611 dolum
1125 1548 1282 1631 parabat’
1323 1547 1520 1626 huiusmodi,
1562 1556 1596 1610 et
1638 1564 1752 1608 necem
1798 1541 1858 1605 sibi
1869 1539 1890 1604 ¹.

486 1657 603 1740 Atque
635 1660 662 1721 si
695 1659 757 1721 iste
786 1657 883 1722 dolus
913 1679 980 1722 non
1009 1661 1175 1742 probatur,
1208 1661 1314 1722 minus
1349 1660 1462 1741 utique
1492 1658 1686 1741 probabitur
1716 1655 1799 1718 alter
1827 1652 1891 1729 ille,

486 1769 539 1832 cui
569 1770 716 1833 iunctum
746 1779 779 1833 et
810 1770 1020 1851 parricidium
1051 1781 1109 1835 est.
1171 1770 1239 1834 Sed
1270 1780 1303 1834 et
1333 1772 1375 1834 de
1405 1768 1592 1834 auctoribus
1623 1768 1770 1842 dicimus,
1800 1765 1890 1846 ipsos

487 1899 559 1944 esse
596 1879 742 1944 iniustos.
806 1880 852 1943 Et
889 1880 935 1944 sic
972 1880 1062 1962 leges
1072 1879 1094 1943 2.
1160 1879 1236 1944 Hoc
1274 1882 1396 1963 publici
1435 1879 1568 1962 periculi
1607 1887 1666 1956 est,
1704 1887 1738 1941 et
1778 1876 1891 1956 itaque

487 2009 553 2053 non
586 1988 767 2054 ferendum.
827 1991 916 2054 Nam
951 1992 1042 2055 cuius
1075 1993 1144 2056 uita
1178 1994 1299 2074 poterit
1333 2013 1405 2055 esse
1444 2001 1524 2068 tuta,
1559 1991 1586 2053 si
1621 2008 1754 2052 necesse
1782 1986 1889 2058 fuerit,

486 2121 506 2164 a
535 2100 792 2165 domesticorum
821 2122 954 2185 quoque
983 2104 1107 2167 insidiis
1138 2101 1306 2166 metuere?
1362 2103 1502 2178 Uenena
1531 2103 1677 2164 uitantur
1705 2118 1805 2182 quam
1840 2098 1889 2160 in-

485 2213 588 2276 sidiae
619 2213 701 2276 istae
733 2212 860 2276 facilius
870 2213 890 2278 ³.
945 2214 1124 2279 Exclamet
1155 2213 1279 2292 Cicero,
1307 2211 1337 2278 O
1369 2223 1529 2295 tempora,
1552 2234 1572 2275 o
1604 2211 1729 2274 mores!
1762 2219 1886 2273 utnon

486 2325 543 2386 uni
578 2324 678 2387 modo
708 2324 817 2407 capiti,
848 2326 906 2388 sed
940 2328 1088 2389 omnium
1121 2325 1217 2389 saluti
1250 2326 1374 2389 bellum
1407 2325 1566 2388 nefarium
1600 2319 1790 2387 indicatur⁴.
1852 2319 1888 2384 Si

485 2455 630 2517 namque
656 2436 841 2518 corruptela
866 2436 949 2500 haec
975 2437 1017 2500 ab
1044 2438 1240 2501 auctoritate
1266 2446 1369 2515 tanta,
1394 2446 1519 2519 quanta
1549 2445 1599 2500 est
1625 2436 1702 2498 iuris
1728 2423 1905 2516 gentium,

485 2547 695 2629 adprobetur,
714 2546 794 2610 nihil
818 2547 884 2610 iam
903 2557 954 2611 est
975 2549 1064 2630 quod
1087 2549 1227 2612 salutem
1248 2559 1395 2612 nostram
1414 2557 1552 2612 tueatur.
1599 2547 1635 2611 Si
1657 2546 1738 2610 haec
1762 2555 1886 2627 pertur-

484 2658 564 2721 bare
587 2657 698 2720 omnia
720 2657 881 2736 uolumus,
905 2667 938 2721 et
967 2660 1171 2740 permiscere,
1192 2668 1298 2722 totam
1322 2660 1425 2722 uitam
1449 2657 1675 2740 periculosam,
1695 2656 1885 2719 insidiosam

484 2767 706 2851 infestamque
724 2769 908 2833 reddemus.
954 2768 1139 2833 Commune
1157 2779 1207 2833 est
1224 2770 1288 2834 hoc
1308 2770 1442 2849 malum,
1461 2770 1646 2834 communis
1665 2777 1782 2845 metus,
1798 2785 1888 2830 com-

485 2899 586 2943 mune
615 2877 805 2962 periculum.
861 2879 940 2943 Non
967 2880 1046 2962 quid
1075 2880 1163 2944 hosti
1189 2881 1337 2945 accidere
1363 2880 1571 2957 uoluerimus,
1593 2880 1661 2957 sed,
1683 2877 1762 2960 quid
1792 2876 1888 2940 nobis

485 2990 519 3052 in
541 2989 600 3053 tali
623 3009 658 3053 re
681 2989 896 3052 metuendum
919 2990 970 3066 sit,
986 2991 1130 3072 cogitare
1153 2991 1322 3054 debemus.
1368 2991 1462 3054 Haec
1481 3000 1531 3054 est
1549 3000 1685 3053 naturae
1703 2987 1791 3052 clara
1808 2989 1887 3062 uox,

485 3109 520 3164 et
544 3099 700 3163 naturalis
725 3098 791 3176 lex,
812 3120 878 3163 non
904 3101 1015 3163 sinens
1039 3100 1120 3164 illud
1145 3102 1294 3184 ignorari,
1318 3101 1440 3184 ‘Quod
1464 3101 1525 3165 tibi
1549 3120 1615 3164 non
1639 3101 1689 3162 uis
1715 3096 1802 3161 fieri?
1832 3095 1885 3159 hic

485 3211 630 3274 iustitiae
653 3218 760 3273 status
787 3211 921 3292 integer,
947 3231 1011 3274 non
1036 3211 1180 3275 iacturae
1204 3211 1283 3287 aliis,
1304 3213 1394 3294 quod
1418 3211 1480 3274 sibi
1505 3211 1573 3273 fieri
1599 3210 1700 3274 nolit:
1731 3229 1791 3272 nec
1814 3207 1886 3271 aliis

485 3330 663 3403 negaturae
686 3321 775 3402 quod
801 3320 863 3384 sibi
889 3320 958 3384 fieri
982 3322 1070 3400 uelit,
1092 3332 1128 3386 ut
1151 3323 1279 3405 egregie
1301 3322 1402 3387 habet
1425 3321 1643 3386 Bernardus⁵.
1700 3319 1800 3402 Quod
1822 3318 1882 3381 tibi

485 3433 529 3496 ab
551 3433 658 3496 amico
681 3431 750 3494 fieri
773 3451 838 3494 non
857 3431 915 3508 uis,
931 3433 1037 3496 amico
1059 3452 1101 3495 ne
1116 3431 1240 3498 leceris.
1286 3432 1385 3515 Quod
1404 3432 1464 3496 tibi
1482 3431 1525 3495 ab
1541 3430 1636 3494 hoste
1655 3429 1724 3493 fieri
1743 3449 1808 3492 non
1824 3429 1882 3507 uis,

483 3543 570 3607 hosti
590 3564 631 3606 ne
649 3543 771 3607 feceris.
817 3542 901 3606 Cum
925 3542 958 3606 id
977 3563 1081 3626 genus
1103 3543 1175 3608 aliis
1197 3545 1355 3628 plurimis.
1401 3544 1457 3609 Sic
1481 3545 1656 3620 Eumenes,
1675 3542 1730 3624 qui
1749 3541 1883 3622 quidem

482 3654 534 3717 his
550 3655 676 3718 insidiis
694 3655 816 3736 petitus
831 3654 874 3717 ab
889 3654 1071 3738 Antigono,
1086 3656 1271 3720 dissimulat
1291 3666 1412 3734 tamen,
1431 3656 1523 3718 ‘Nec
1542 3673 1742 3736 quemquam
1762 3653 1882 3715 ducum

483 3766 553 3829 ‘sic
572 3765 658 3828 uelle
676 3765 814 3842 uincere,
833 3773 869 3827 ut
890 3765 960 3846 ipse
979 3767 1012 3828 in
1031 3787 1067 3830 se
1086 3767 1277 3849 exemplum
1298 3767 1478 3849 pessimum
1500 3774 1624 3829 statuat
1634 3761 1667 3824 ὅ)
1712 3764 1886 3827 Aduersus

482 3876 687 3958 transfugam
718 3884 752 3939 et
774 3876 967 3939 uiolatorem
999 3877 1076 3940 fidei
1107 3899 1173 3942 non
1199 3881 1326 3942 censuit
1350 3878 1484 3941 insidias
1507 3879 1686 3959 degeneres
1709 3876 1886 3953 Labienus,

483 3986 619 4050 Tacitus
629 3986 652 4049 ⁷.
707 3987 753 4048 Et
777 3987 889 4067 itaque
913 3988 1093 4069 degeneres
1117 3989 1261 4068 insidiae,
1286 3988 1411 4052 bellum
1438 3989 1595 4052 iniustum
1622 3996 1737 4051 contra
1763 3987 1884 4050 iustum

481 4097 622 4165 hostem.
676 4099 853 4162 Uenenum
878 4119 938 4183 nec
962 4100 1148 4182 adprobant
1174 4111 1288 4164 contra
1311 4110 1499 4183 tyrannum.
1529 4100 1581 4164 cui
1607 4099 1693 4163 forte
1719 4118 1785 4162 non
1811 4098 1887 4181 plus

483 4210 622 4273 debetur
652 4209 729 4272 iuris
763 4229 863 4290 quam
893 4212 1072 4292 praedoni:
1111 4211 1178 4274 imo
1208 4213 1308 4275 etiam
1339 4212 1478 4276 debetur
1510 4211 1615 4275 multo
1646 4210 1761 4273 minus.
1808 4209 1885 4272 Non

482 4320 671 4402 adprobant
689 4339 750 4384 nec
767 4321 926 4384 aduersus
944 4320 1106 4403 perfidum
1124 4322 1289 4388 rebellem.

482 4502 493 4533 ¹
508 4504 569 4553 Tac.
582 4516 621 4566 14.
632 4502 700 4552 Anu.
711 4519 732 4553 c.
746 4518 784 4566 ²4·
852 4503 861 4531 ²
878 4503 895 4554 l.
907 4503 931 4552 6.
945 4513 966 4566 7.
979 4503 1010 4554 tle
1021 4505 1136 4570 parricid.
1149 4505 1194 4568 (D.
1206 4509 1246 4570 48.
1256 4510 1294 4574 9).
1361 4507 1371 4537 ⁸
1387 4509 1462 4559 Peun.
1474 4509 1505 4559 C.
1516 4507 1547 4558 de
1558 4509 1598 4558 his
1609 4509 1651 4574 qui
1662 4523 1695 4558 se.
1707 4507 1755 4557 def.
1768 4511 1820 4572 (ιο.
1834 4507 1884 4568 13).

663 4583 672 4612 ⁴
689 4585 742 4635 Cic.
755 4602 801 4650 pro
812 4585 898 4636 Deiot.
911 4600 938 4634 11
952 4593 977 4636 et
989 4588 1059 4638 Uerr.
1073 4601 1096 4650 3.
1292 4590 1302 4620 ³
1318 4592 1374 4641 Ber.
1386 4593 1433 4657 Ep.
1447 4602 1477 4655 77
1489 4599 1514 4641 et
1527 4605 1548 4642 1.
1560 4591 1592 4641 de
1602 4591 1705 4642 Consid.

756 4666 767 4696 ⁸
784 4667 870 4717 lustin.
881 4667 925 4718 lib.
939 4683 976 4733 14.
988 4684 1010 4719 c.
1024 4683 1045 4720 1.
1306 4672 1316 4701 ⁷
1334 4673 1394 4724 Tac.
1409 4688 1447 4723 11.
1460 4675 1526 4723 Ann.
1538 4690 1559 4724 c.
1574 4688 1613 4738 19.
