4522 5570
723 766 784 819 DE
813 766 916 820 IURE
945 766 1078 833 BELLI,
1109 766 1236 834 LIB.I,
1268 765 1356 819 CAP.
1379 766 1481 818 XVII.
1758 768 1799 838 75

402 1007 526 1070 caussis
552 1007 773 1089 imperiorum.
805 1027 880 1069 nam
905 1015 938 1070 et
962 1007 1003 1070 de
1027 1007 1136 1070 futuro
1159 1007 1343 1071 cauendum
1363 1017 1414 1070 est
1432 1006 1641 1089 principibus,
1660 1016 1695 1069 ut
1714 1005 1805 1083 alter,

400 1120 428 1182 si
453 1119 542 1197 uelit,
569 1138 635 1182 non
663 1119 769 1202 possit
796 1127 909 1182 tamen
937 1119 1043 1183 facere
1066 1118 1160 1183 alteri
1185 1118 1280 1182 male.
1313 1119 1402 1200 quod
1430 1119 1462 1183 in
1487 1126 1630 1182 tractatu
1660 1118 1702 1181 de
1733 1116 1805 1180 utili

402 1232 593 1295 defensione
625 1231 815 1313 expositum
846 1242 904 1295 est.
956 1232 1023 1296 Sed
1057 1241 1090 1295 et
1121 1252 1160 1294 ea
1192 1231 1312 1313 regula,
1343 1239 1380 1293 ut
1411 1230 1507 1293 liceat
1538 1229 1654 1311 cuique
1683 1229 1716 1291 in
1747 1249 1806 1292 suo

401 1343 509 1406 lacere
532 1343 620 1424 quod
644 1341 733 1419 libet,
757 1341 824 1404 imo
849 1363 915 1405 non
938 1343 1066 1406 obtinet
1091 1342 1179 1418 aliaS,
1203 1362 1303 1423 quam
1327 1342 1354 1404 si
1378 1361 1437 1403 nec
1464 1341 1563 1426 peior,
1590 1358 1649 1401 nec
1675 1337 1807 1420 grauior

402 1454 499 1517 uicini
523 1454 672 1517 condicio
695 1452 763 1516 fiat·
793 1455 854 1517 etsi
878 1475 956 1518 uera
979 1462 1036 1531 est,
1061 1463 1097 1517 ut
1124 1454 1167 1516 de
1193 1453 1282 1515 lucro
1310 1472 1375 1515 non
1400 1461 1538 1529 curetur,
1560 1450 1650 1532 quod
1681 1450 1806 1512 uicinus

403 1564 553 1641 faciebat,
570 1574 602 1627 et
621 1565 709 1645 quod
730 1585 789 1647 per
804 1565 929 1628 nullam
945 1564 1183 1646 obligationem
1201 1563 1229 1627 ei
1245 1564 1428 1628 debebatur
1437 1561 1457 1627 ¹.
1501 1562 1552 1626 At
1568 1582 1646 1625 uero
1662 1561 1806 1642 imperiis

404 1675 517 1738 deberi
537 1676 757 1753 securitatem,
773 1685 806 1738 et
821 1696 841 1738 a
857 1676 965 1740 uicino
984 1676 1249 1739 coniunctionem
1265 1675 1433 1757 quandam
1449 1673 1570 1737 amoris
1588 1672 1807 1754 singularem:

406 1789 471 1849 iam
491 1787 553 1850 hoc
573 1787 714 1850 scimus:
740 1807 824 1868 quae
840 1787 1007 1865 tolluntur,
1024 1787 1139 1850 uicinis
1163 1787 1306 1850 mutatis.
1352 1787 1471 1868 Neque
1494 1805 1572 1848 uero
1595 1785 1683 1847 idem
1703 1803 1807 1865 popu-

407 1897 457 1961 lus
481 1907 530 1961 est
554 1899 610 1980 qui
630 1898 700 1976 luit,
716 1899 742 1961 si
767 1900 884 1962 eadem
907 1919 967 1962 nec
991 1908 1040 1962 est
1065 1919 1150 1981 quae
1171 1899 1231 1962 luit
1250 1899 1333 1962 ratio
1356 1897 1554 1979 reipublicae
1563 1895 1584 1960 ².
1630 1896 1708 1958 Non
1732 1894 1808 1958 licet

407 2030 481 2073 cum
503 2010 642 2073 subditis
659 2007 791 2094 (iterum
807 2008 896 2096 dico)
912 2011 1022 2073 omnia
1037 2009 1175 2074 sacere3.
1221 2010 1253 2072 N
1256 2031 1298 2072 on
1318 2011 1351 2072 id
1368 2009 1443 2073 licet
1462 2030 1536 2074 cum
1555 2008 1702 2085 subditis,
1718 2007 1808 2089 quod

407 2123 543 2198 damn0,
567 2121 711 2202 periculo
734 2121 818 2185 soret
843 2142 909 2184 non
933 2123 1081 2186 subditis.
1127 2123 1205 2184 Non
1230 2122 1315 2198 licet,
1334 2141 1426 2184 arces
1450 2121 1482 2183 in
1506 2141 1565 2182 suo
1588 2119 1702 2195 lacere,
1726 2137 1811 2200 quae

407 2253 472 2294 non
501 2233 568 2294 suis
596 2233 793 2296 metuendae
820 2234 894 2296 sint.
925 2234 1040 2296 audies
1066 2235 1099 2295 in
1127 2234 1223 2295 tertio
1254 2233 1346 2296 libro.
1393 2232 1482 2314 Ergo
1506 2251 1612 2313 neque
1635 2229 1711 2293 licet
1734 2249 1810 2292 curn

407 2343 474 2405 suis
493 2318 606 2415 lacere,
627 2344 718 2423 quod
745 2344 960 2406 metuendum
979 2344 1050 2406 aliis
1070 2353 1128 2413 est,
1149 2353 1184 2406 ut
1205 2343 1286 2407 haec
1307 2344 1459 2406 dicuntur
1481 2342 1581 2424 paria,
1599 2341 1632 2403 in
1655 2360 1715 2403 suo
1737 2338 1812 2403 loco

391 2515 393 2519 ,
409 2453 524 2528 facere,
542 2462 574 2515 et
591 2453 623 2515 in
641 2453 790 2516 subditos
805 2453 913 2517 suos4.
959 2453 1018 2517 An
1033 2455 1060 2517 si
1077 2455 1268 2537 disponeret
1283 2453 1408 2517 uicinus
1424 2473 1517 2516 meus
1533 2452 1623 2516 domi
1639 2459 1812 2527 tormenta,

409 2564 539 2645 aliaque
562 2565 738 2627 aduersum
762 2586 872 2629 meam
895 2567 1041 2642 domum,
1060 2586 1123 2648 ego
1146 2585 1253 2647 neque
1275 2565 1411 2628 timeam
1435 2563 1523 2642 mihi,
1548 2585 1655 2646 neque
1677 2563 1710 2625 in
1733 2561 1812 2625 uici·

410 2695 489 2738 num
508 2696 562 2738 me
581 2675 756 2738 moueam?
803 2674 868 2751 Sic,
888 2678 934 2740 sic
953 2676 1105 2758 Belgium
1126 2676 1356 2758 apparabatur,
1375 2685 1411 2738 ut
1430 2676 1489 2738 u'iri
1509 2676 1619 2739 uidere
1637 2674 1811 2756 sapientes

409 2794 443 2849 et
464 2795 500 2848 ut
523 2786 619 2849 heros
645 2807 785 2869 magnus
807 2787 994 2850 Lecestrius
1017 2786 1504 2871 sapientissime*defensionem
1527 2787 1703 2866 Belgarum
1727 2783 1813 2846 salu-

410 2898 588 2960 berrimam
621 2897 819 2979 reipublicae
842 2919 880 2962 ac
912 2899 1130 2962 necessariam
1157 2898 1327 2979 praeuidit,
1354 2899 1663 2979 suscipiendamque
1693 2896 1813 2959 suasit:

411 3010 464 3071 Ne
487 3010 515 3072 si
539 3008 620 3071 illud
637 3010 761 3072 uallum
786 3011 940 3092 Europae
957 3006 1004 3094 (et
1027 3020 1063 3073 tu
1079 3009 1125 3073 sic
1148 3010 1314 3091 sapienter
1338 3008 1428 3072 Iuste
1447 3006 1554 3095 Lipsi)
1575 3009 1717 3090 Hispani
1741 3027 1813 3090 per-

410 3129 609 3201 rumperent,
626 3119 705 3184 nihil
722 3123 843 3186 amodo
862 3131 1047 3204 superesset
1069 3121 1171 3185 obicis
1194 3121 1369 3184 uiolentiae
1393 3121 1546 3203 ipsorum.
1593 3121 1638 3184 Et
1654 3120 1814 3184 hactenus

412 3231 454 3294 de
471 3231 559 3295 bello
576 3231 783 3297 defensionis.

982 3534 1069 3608 Cn.
1104 3535 1237 3609 XVII,

792 3731 868 3821 Qui
892 3733 1023 3803 bellum
1050 3735 1241 3806 necessarie
1265 3734 1444 3830 inserunt.

462 3933 629 4017 QUANDO
656 3932 754 4015 igitur
777 3932 820 3995 de
845 3931 913 3994 iure
937 3929 1044 3993 omnis
1069 3930 1269 3995 defensionis
1297 3932 1392 4014 plura
1417 3931 1584 3996 diximus:
1619 3933 1715 4014 agite,
1735 3952 1821 3997 nunc

419 4047 520 4109 iustas
538 4044 696 4108 inferendi
719 4042 798 4107 belli
823 4063 954 4106 caussas
979 4042 1201 4123 exquiramus.
1246 4041 1363 4125 Atque
1386 4043 1510 4107 bellum
1531 4045 1666 4126 quidem
1687 4045 1823 4108 insertur

418 4159 538 4223 eodem
557 4157 666 4235 mod0,
682 4165 740 4219 aut
759 4156 947 4233 necessarie,
963 4164 1022 4218 aut
1038 4154 1169 4232 utiliter,
1186 4164 1244 4219 aut
1259 4155 1406 4219 honeste.
1452 4155 1694 4220 Necessitatem
1711 4167 1822 4220 autem

417 4271 463 4336 ita
488 4270 741 4346 consideramus,
765 4267 791 4330 si
817 4288 889 4331 esse
913 4267 1008 4332 nobis
1033 4287 1097 4330 non
1128 4266 1214 4345 licet,
1242 4267 1303 4331 nisi
1333 4266 1457 4331 bellurn
1486 4267 1673 4332 inseramus.
1704 4279 1740 4332 ut
1764 4288 1822 4332 an·

624 4563 632 4592 ¹
649 4565 665 4613 l.
681 4579 701 4614 r.
713 4564 744 4614 de
755 4580 794 4629 aq.
806 4564 841 4629 pl.
855 4564 899 4626 (D.
914 4578 952 4630 39.
968 4565 1007 4628 5);
1026 4562 1041 4613 l.
1055 4563 1077 4612 8.
1090 4562 1118 4612 si.
1131 4578 1164 4612 se.
1177 4562 1209 4612 vi.
1223 4559 1268 4626 (D.
1282 4563 1304 4611 8.
1320 4564 1363 4628 5);
1381 4563 1435 4616 Bal.
1447 4579 1470 4628 4
1483 4579 1551 4614 cons.
1563 4563 1619 4629 396.

518 4647 528 4676 ²
544 4647 622 4696 Arist.
636 4663 658 4710 3.
669 4646 722 4696 Pol.
736 4661 757 4710 3.
772 4656 794 4709 7.
992 4648 1002 4676 ³
1020 4646 1074 4696 Bal.
1089 4659 1111 4710 5.
1125 4661 1193 4696 cons.
1206 4661 1263 4712 409.
1461 4646 1471 4674 ⁴
1488 4647 1541 4698 Bal.
1555 4663 1571 4711 4
1591 4663 1657 4697 cons.
1673 4644 1728 4711 396.

1093 4879 1151 4928 La
