4522 5570
735 631 896 638 -·....—-

713 732 773 784 DE
801 731 904 785 IURE
933 730 1067 797 BELLI,
1099 731 1226 797 LIB.I,
1259 729 1346 785 CAP.
1369 730 1467 783 XXV.
1728 734 1787 800 117

385 973 468 1038 istos
489 973 536 1037 sic
558 971 683 1037 bellum
707 971 911 1052 suscipietur,
934 979 971 1034 ut
993 970 1039 1034 ait
1063 970 1234 1044 isocrates,
1252 970 1355 1034 ueluti
1379 979 1493 1034 contra
1515 967 1629 1033 feras¹.
1675 967 1731 1033 Sic
1755 969 1787 1032 in

386 1085 521 1148 ciuitate
543 1084 586 1147 ad
609 1082 779 1165 publicum
798 1082 921 1146 crimen
939 1082 1162 1146 accusandum
1185 1081 1324 1163 quilibet
1346 1079 1576 1145 admittitur²z
1607 1080 1708 1144 etiam
1731 1080 1788 1161 qui

385 1197 428 1259 de
447 1196 581 1261 ciuitate
600 1215 666 1258 non
685 1203 743 1272 est,
761 1214 863 1277 quum
888 1214 938 1257 res
958 1192 1147 1257 defenditur
1164 1213 1230 1256 non
1254 1193 1396 1257 ciuitatis
1418 1192 1558 1274 propria,
1576 1192 1635 1255 sed
1658 1192 1788 1255 uniuer-

385 1308 464 1372 salis
483 1307 632 1372 omnium
644 1305 667 1370 ³.
697 1316 734 1369 ut
758 1306 805 1368 ita
823 1305 1028 1387 distinguunt
1047 1305 1251 1387 interpretes,
1267 1313 1418 1368 exterum
1438 1323 1535 1386 agere
1553 1303 1596 1367 de
1619 1302 1736 1367 itinere
1754 1313 1788 1368 et

386 1419 439 1483 uia
462 1419 606 1484 ciuitatis
628 1437 694 1481 non
716 1437 822 1500 posse,
846 1416 889 1479 de
915 1416 1068 1480 libertate
1094 1416 1236 1480 hominis
1262 1435 1368 1498 posse,
1388 1424 1423 1478 et
1448 1414 1617 1479 similibus.
1663 1414 1709 1477 Et
1732 1413 1787 1493 illi,

386 1552 469 1613 quos
497 1531 597 1594 modo
617 1528 867 1611 appellauimuS,
886 1547 951 1591 non
974 1527 1138 1610 reperient
1160 1528 1349 1592 defensores
1366 1537 1424 1591 aut
1446 1529 1626 1590 aduocatos
1636 1523 1659 1588 ⁴.
1715 1525 1787 1587 Alii

385 1664 517 1726 quoque
533 1637 681 1728 (scimus)
697 1647 827 1722 patrare
844 1639 931 1702 soliti
954 1638 1098 1702 facinora
1121 1638 1176 1702 illa
1200 1640 1359 1703 Indorum
1381 1637 1526 1701 libidinis
1548 1635 1644 1714 ferae,
1660 1635 1788 1714 foedae,

386 1754 562 1830 infandae3
593 1763 627 1817 et
656 1753 699 1815 de
727 1750 838 1815 Erulis
863 1750 946 1814 haec
973 1759 1008 1814 et
1030 1752 1128 1815 bruta
1156 1760 1189 1815 et
1213 1752 1316 1815 maria
1343 1750 1522 1832 Procopius
1532 1748 1553 1812 ⁵.
1583 1749 1626 1812 de
1648 1746 1787 1811 Taifalis

385 1867 487 1930 etiam
505 1865 654 1929 foediora
672 1863 872 1926 Ammianus
882 1861 903 1926 ⁶.
933 1863 977 1926 de
1000 1861 1105 1926 Gallis
1123 1863 1264 1945 priscam
1288 1863 1396 1945 legem
1414 1861 1672 1925 abominandam
1693 1858 1787 1922 Aris-

384 1977 513 2056 toteles,
548 1976 723 2053 Diodorus
754 1974 839 2038 aliil.
874 1973 916 2036 de
947 1973 1061 2055 Lydis,
1091 1985 1125 2038 et
1155 1975 1280 2039 colonis
1311 1972 1484 2056 Lydorum
1514 1971 1664 2046 Thuscis,
1694 1973 1787 2053 paria

384 2087 580 2152 Athenaeus
589 2085 611 2151 ⁸.
641 2096 675 2150 et
697 2088 739 2150 de
762 2085 951 2168 prostibulis
973 2085 1025 2148 his
1047 2085 1278 2166 impurioribus
1299 2085 1387 2167 apud
1413 2086 1585 2148 Romanos
1607 2082 1786 2165 aliquando

384 2200 445 2263 sub
466 2196 662 2264 Caesaribus
683 2207 715 2261 et
738 2197 827 2278 apud
848 2195 999 2270 Iudaeos,
1018 2196 1184 2278 profanae,
1203 2205 1237 2260 et
1260 2217 1371 2261 sacrae
1391 2195 1521 2259 litterae
1540 2195 1786 2277 prodidemnt⁹.

385 2311 438 2374 Ne
460 2319 496 2373 tu
515 2320 594 2373 tuae
616 2309 743 2391 patriae
759 2327 900 2389 magnae
915 2306 1103 2385 blandiaris,
1119 2308 1267 2390 quisquis
1286 2330 1329 2387 es,
1344 2328 1445 2390 quem
1461 2328 1515 2370 me
1530 2307 1638 2370 sentio
1656 2306 1784 2370 dicere:

384 2422 464 2503 quia
487 2421 606 2503 legeris
624 2421 657 2483 in
681 2418 931 2497 declamatione,
955 2416 1131 2481 ‘Sanctius
1151 2419 1193 2482 ad
1214 2439 1374 2483 oceanum
1398 2419 1520 2482 uiuitur
1528 2414 1573 2482 ¹⁰?
1629 2416 1785 2482 Ceterum

384 2552 445 2597 nec
472 2532 515 2595 de
541 2533 610 2595 iure
637 2540 773 2594 naturae
799 2528 926 2592 tollitur
951 2538 1085 2611 propter
1110 2529 1231 2593 delicta
1256 2531 1436 2595 hominum.
1502 2529 1547 2593 Et
1566 2527 1690 2592 bellum
1715 2527 1786 2592 istis

384 2644 499 2723 facere,
526 2643 653 2707 licitum
678 2641 787 2720 fuisse,
811 2650 845 2704 et
871 2660 951 2719 esse,
978 2641 1218 2705 contendimus.
1264 2640 1360 2724 Quae
1381 2642 1470 2724 apud
1497 2639 1785 2722 Carthaginienses

383 2756 589 2820 consuetudo
608 2754 670 2818 suit
692 2752 810 2816 litandi
828 2751 974 2814 humano
995 2752 1163 2834 sanguine,
1182 2773 1221 2815 ea
1239 2752 1370 2816 sublata
1388 2773 1407 2816 a
1427 2752 1554 2816 Gelone
1572 2772 1647 2816 cum
1665 2751 1784 2816 laude:

382 2867 438 2950 qui
468 2867 532 2930 illis
562 2884 678 2948 pacem
712 2885 772 2927 nec
803 2863 896 2927 dedit
928 2864 1026 2945 prius,
1053 2883 1154 2946 quam
1183 2865 1382 2946 abrogarent
1415 2884 1540 2927 morem
1572 2865 1657 2927 adeo
1690 2862 1785 2926 inhu-

384 2998 519 3042 manum
529 2976 562 3042 ¹¹.
608 2977 720 3040 Etiam
750 2998 770 3040 a
801 2975 912 3039 Persia
935 2995 996 3038 rex
1019 2973 1091 3052 hoc,
1118 2975 1217 3038 missa
1243 2975 1417 3058 legatione,
1446 2974 1551 3058 petiit,
1575 2983 1610 3037 et
1632 2975 1739 3038 tenuit
1764 2996 1785 3039 a

384 3086 718 3170 Carthaginiensibus,
739 3106 781 3148 ne
806 3085 970 3148 humanas
992 3083 1117 3148 hostias
1140 3084 1350 3149 immolarent
1359 3083 1394 3148 ¹².
1449 3083 1567 3166 Atque
1590 3071 1784 3166 praetextus

382 3198 548 3282 religionis
570 3198 623 3262 hic
642 3197 775 3262 admitti
798 3217 865 3259 non
888 3204 1007 3278 potest,
1024 3197 1080 3260 ubi
1102 3197 1152 3260 ius
1174 3197 1270 3260 simul
1290 3196 1461 3260 hominum
1480 3196 1629 3260 laeditur.
1674 3196 1719 3260 Et
1737 3199 1784 3262 sic

382 3312 485 3374 nostri
508 3312 712 3392 interpretes
733 3307 859 3372 bellum
882 3328 954 3371 esse
977 3317 1091 3371 contra
1113 3308 1305 3372 idololatras
1328 3309 1463 3386 licitum,
1483 3309 1511 3370 si
1534 3308 1719 3372 idololatria
1742 3309 1784 3372 sit

381 3443 455 3487 cum
472 3425 574 3487 caede
592 3421 816 3485 innocentium
832 3420 951 3483 iuncta.
975 3440 1047 3483 esse
1062 3420 1150 3483 enim
1167 3421 1395 3485 innocentibus
1410 3420 1663 3484 succurrendum
1673 3417 1707 3484 ¹³.
1738 3421 1785 3484 Et

383 3535 431 3598 ita
454 3535 578 3598 iustum
601 3533 702 3596 fuisse
724 3531 850 3595 bellurn
873 3531 906 3593 in
932 3529 1147 3595 Cananaeos:
1178 3532 1234 3595 ubi
1257 3531 1414 3596 sacrificia
1436 3530 1568 3610 isthaec,
1592 3543 1653 3596 etc.

427 3645 514 3707 Illud
537 3665 600 3727 ego
628 3664 693 3706 non
720 3643 834 3724 prob0,
857 3641 1032 3723 probatum
1055 3641 1131 3705 licet
1153 3642 1234 3720 aliis,
1250 3643 1283 3704 in
1306 3644 1429 3707 caussis
1451 3643 1529 3706 belli
1558 3643 1783 3725 Hispanorum

381 3764 497 3819 contra
520 3755 631 3833 Indos,
647 3764 685 3818 ut
706 3753 830 3817 bellum
858 3772 931 3816 esse
954 3753 1058 3833 possit
1080 3761 1195 3816 contra
1216 3773 1281 3830 eos,
1297 3755 1353 3835 qui
1373 3753 1487 3817 audire
1501 3755 1783 3835 praedicationem

382 3865 554 3948 Euangelii
578 3865 704 3928 nolunt.
761 3864 826 3927 Hic
844 3863 932 3926 enim
951 3862 1041 3926 solus
1059 3872 1109 3925 est
1127 3872 1322 3944 praetextus
1340 3863 1513 3945 religionis.
1568 3865 1614 3929 Et
1632 3867 1784 3948 quamuis

381 3979 507 4042 dictum
530 3987 589 4056 est,
612 3976 693 4054 ‘Ite,
715 3976 904 4058 praedicate
929 3973 1151 4056 Euangelium
1173 3975 1263 4037 omni
1287 3974 1488 4038 creaturae:’
1518 3995 1584 4039 non
1607 3986 1783 4060 propterea

382 4109 587 4171 consequens
611 4098 669 4167 est,
692 4096 730 4150 ut
751 4108 837 4169 quae
860 4096 1008 4150 creatura
1034 4085 1148 4149 audire
1170 4084 1261 4165 nolit,
1284 4105 1324 4149 ea
1344 4084 1434 4149 bello
1457 4096 1490 4149 et
1511 4087 1611 4152 armis
1633 4091 1784 4171 cogenda

379 4314 622 4380 ‚¹Isocr.Areop.
672 4311 760 4362 ’Inst
774 4311 804 4362 de
815 4327 857 4378 pu.
869 4311 902 4361 in.
915 4311 951 4374 (4
966 4311 1022 4374 18);
1040 4309 1128 4360 Manu.
1139 4310 1224 4360 Diuin.
1274 4311 1368 4376 ’Ang
1380 4309 1396 4359 l.
1411 4324 1433 4361 2.
1445 4327 1476 4361 ne
1488 4327 1511 4377 q.
1524 4311 1540 4360 i.
1552 4311 1570 4360 l.
1581 4327 1607 4376 p.
1619 4312 1664 4374 (D.
1676 4326 1717 4376 43.
1729 4313 1765 4374 8).

561 4393 819 4457 ‘Dec3.cons.83.
932 4393 1031 4445 'Pron
1045 4408 1066 4443 r.
1079 4391 1156 4444 Goth.
1168 4411 1190 4445 c.
1204 4408 1236 4457 14
1351 4395 1438 4444 ‘Am
1450 4394 1493 4444 lib.
1509 4409 1581 4458 με.
1593 4410 1618 4459 9.

445 4478 549 4529 'Arist
564 4495 585 4530 π,
598 4479 696 4542 Pol.9;
713 4477 747 4528 D.
759 4477 802 4526 lib.
816 4491 838 4540 5.
851 4489 931 4538 c.31;
948 4476 988 4526 cl.
1000 4477 1048 4526 Ro.
1061 4477 1185 4541 Anag.8;
1204 4475 1282 4527 Buch.
1297 4491 1319 4528 r.
1331 4477 1400 4528 Hist.
1467 4477 1555 4528 ⁸Arh.
1567 4477 1612 4528 lib.
1627 4491 1664 4527 η.
1678 4490 1716 4538 13.

428 4561 544 4628 'Lamp
557 4563 645 4618 Alexa
663 4561 724 4610 lust.
737 4560 786 4624 Ap.
801 4575 830 4620 ²3
847 4559 888 4609 Cl.
900 4559 932 4610 A.
946 4572 969 4622 3.
981 4560 1039 4610 Pae.
1053 4572 1082 4622 33
1104 4560 1200 4624 1.Reg.
1214 4574 1252 4624 ¹4·
1268 4573 1305 4623 ¹5·
1317 4560 1352 4612 ul.
1476 4559 1496 4590 ¹⁰
1511 4559 1731 4624 QuinctDech3.

459 4645 475 4673 ¹¹
493 4647 559 4696 Plut.
571 4647 603 4696 de
614 4645 653 4695 Se.
665 4644 716 4693 Nu.
730 4643 788 4694 Uin.
800 4643 880 4706 (55²)·
948 4641 965 4670 ¹¹
982 4642 1070 4692 lustin.
1085 4656 1122 4708 19.
1136 4658 1157 4693 c.
1174 4658 1193 4691 r.
1260 4641 1278 4672 ¹⁸
1294 4643 1386 4694 Couar.
1399 4643 1462 4707 Reg.
1474 4644 1544 4694 Pecc.
1557 4661 1582 4709 p.
1596 4657 1617 4692 α.
1631 4649 1643 4704 5
1659 4657 1696 4693 10.
