4498 5566
476 719 518 798 58
963 731 1164 786 ALBERICI
1192 733 1392 787 GENTILJS

476 973 656 1037 aduersarii
685 975 772 1040 male
798 976 974 1059 cogitantis
1001 985 1139 1040 conatus
1165 978 1350 1059 opprimere
1360 975 1379 1043 ¹.
1424 979 1471 1045 Et
1498 979 1610 1059 Suida,
1637 981 1705 1045 imo
1732 981 1874 1046 Demos·

475 1082 602 1162 thenes,
625 1105 691 1149 non
722 1107 792 1150 esse
822 1087 1053 1160 cunctandum,
1079 1087 1138 1150 sed
1168 1086 1293 1151 bellum
1324 1089 1516 1170 urgendum,
1543 1110 1584 1154 ne
1614 1092 1738 1173 priores
1766 1091 1874 1156 affecti

475 1195 600 1259 iniuriis
633 1197 702 1260 uim
731 1197 921 1280 propulsare
950 1196 1137 1279 cogamurl.
1185 1197 1262 1262 Hoc
1292 1194 1343 1285 (ut
1374 1199 1514 1263 Latinus
1545 1200 1790 1266 Demosthenes
1819 1203 1874 1281 ait,

476 1303 607 1391 Cicero)
625 1306 768 1372 dedecus
790 1330 931 1392 quoque,
955 1319 992 1373 ut
1011 1309 1039 1371 si
1057 1309 1163 1392 possis
1181 1309 1373 1392 praeuenire
1395 1310 1521 1389 suturis,
1544 1312 1625 1376 uelis
1647 1314 1874 1394 praesentibus

474 1417 627 1499 opitulari
656 1418 750 1482 malis
760 1418 781 1484 ³.
827 1419 940 1484 Etiam
967 1420 1056 1484 rudis
1086 1419 1140 1483 ille
1169 1420 1370 1499 adolescens,
1394 1417 1454 1508 (sic
1484 1431 1601 1488 natura
1630 1425 1702 1506 ipsa
1732 1425 1782 1488 ius
1810 1425 1873 1489 hoc

474 1526 680 1614 praescribit)
708 1529 818 1595 ‘Malo
848 1551 920 1613 ego,
945 1551 1006 1594 nos
1036 1531 1230 1614 prospicere,
1257 1553 1358 1614 quam
1387 1553 1449 1615 ego
1478 1531 1566 1598 hunc
1598 1533 1708 1598 ulcisci
1737 1545 1874 1618 accepta

474 1644 482 1672 ‘
498 1639 614 1704 iniuria
624 1639 655 1706 ⁴.’
701 1640 795 1705 Philo
814 1651 927 1706 autem
945 1641 1133 1720 bellissime,
1150 1642 1240 1725 quod
1259 1653 1445 1726 serpentem
1464 1645 1645 1708 occidimus
1663 1646 1706 1708 ad
1728 1646 1872 1727 primum

473 1760 643 1834 aspectum
666 1752 798 1818 statim:
830 1753 891 1818 etsi
914 1753 968 1817 ille
990 1773 1051 1817 nos
1073 1772 1139 1816 non
1161 1753 1277 1832 laesit3
1308 1775 1368 1818 nec
1390 1755 1500 1820 laedet
1523 1755 1678 1820 fortassis.
1714 1757 1761 1820 ita
1784 1756 1871 1821 enim

473 1863 569 1927 nobis
584 1883 826 1945 praecauemus,
841 1864 931 1946 prius
945 1884 1047 1946 quam
1063 1885 1099 1929 se
1114 1874 1311 1930 conmoueat
1320 1865 1343 1926 ⁶.

517 1974 609 2038 Num
631 1975 691 2038 tibi
714 1996 787 2039 sum
809 1975 930 2039 nimius
953 1976 986 2039 in
1009 1975 1079 2039 istis
1102 1976 1312 2040 nominandis
1334 1977 1541 2041 auctoribus:
1569 1977 1626 2060 qui
1644 1998 1704 2042 nec
1722 1987 1872 2044 auctores

473 2086 575 2148 nostri
587 2085 685 2150 sunt?
716 2086 785 2151 Sed
797 2087 971 2162 uariorum,
981 2095 1083 2169 atque
1092 2087 1272 2151 multorum
1284 2095 1455 2151 auctorum
1467 2107 1645 2152 consensus
1654 2089 1738 2153 ratio
1750 2109 1871 2172 magna

471 2205 532 2260 est.
570 2198 670 2261 etiam
698 2217 773 2261 cum
800 2199 995 2263 auctoritate
1021 2197 1179 2279 cuiusque
1205 2197 1365 2261 rationem
1387 2216 1518 2280 semper
1538 2199 1690 2263 audimus
1713 2199 1869 2282 aliquam.

471 2308 573 2372 etiam
590 2317 740 2373 auctores
758 2309 812 2373 isti
830 2307 883 2372 hic
901 2318 978 2374 sunt
996 2309 1144 2373 maxime
1162 2308 1287 2372 nostri:
1310 2307 1427 2372 harum
1446 2328 1562 2388 rerum,
1580 2331 1662 2392 quas
1680 2318 1869 2389 tractamus,
1892 2382 1902 2410 „

470 2420 650 2503 peritiores.
688 2419 801 2484 Etiam
816 2419 930 2486 Cicero
942 2420 1084 2483 eximius
1100 2419 1161 2484 luit
1176 2420 1309 2484 iurista:
1333 2428 1370 2483 ut
1385 2421 1432 2484 ait
1448 2419 1580 2497 Baldus,
1597 2429 1630 2483 et
1645 2441 1721 2484 eum
1736 2421 1868 2505 allegat.
1963 2463 1967 2472 -

470 2551 620 2595 summus
643 2551 710 2595 non
732 2531 840 2595 solum
861 2530 923 2595 fuit
946 2540 1064 2606 orator,
1081 2531 1139 2594 sed
1158 2532 1259 2595 etiam
1278 2531 1544 2596 iurisconsultus:
1567 2541 1605 2595 ut
1619 2532 1728 2613 inquit
1744 2533 1871 2597 Duare·

470 2661 532 2705 nus
543 2642 566 2707 θ.
592 2641 665 2706 Aut
676 2641 851 2724 quisquam
863 2661 904 2704 ne
917 2649 975 2720 est,
988 2641 1044 2723 qui
1057 2639 1206 2724 ignoret?
1234 2640 1321 2706 illud
1334 2651 1384 2706 est
1399 2641 1484 2707 forte
1499 2642 1681 2706 uerendum
1697 2643 1811 2724 magis,
1828 2663 1870 2707 ne
1921 2701 1923 2706 ,

470 2762 622 2834 apertam
633 2752 758 2834 aperire
770 2772 848 2830 rem,
861 2761 984 2816 certam
999 2751 1120 2816 frustra
1135 2753 1327 2817 confirmare
1339 2752 1448 2818 uelim.
1486 2753 1604 2834 Neque
1616 2753 1736 2817 omitto
1747 2762 1868 2827 tamen,

471 2884 557 2945 quae
567 2863 816 2946 prouerbiorum
832 2863 926 2945 quasi
942 2862 1051 2927 locum
1063 2872 1191 2928 tenent:
1210 2865 1361 2947 adeoque
1377 2864 1519 2929 multum
1535 2864 1687 2946 probant,
1699 2865 1788 2945 quod
1805 2865 1869 2947 sig-

471 2973 624 3040 nificant:
644 2973 817 3040 ‘Uenienti
832 2973 993 3037 occurrite
1008 2971 1144 3040 morbo!
1177 2975 1360 3058 ‘Principiis
1375 2976 1488 3040 obsta:
1508 2994 1581 3038 sero
1596 2974 1760 3038 medicina
1774 2995 1869 3058 para-

469 3089 477 3118 ‘
492 3095 555 3151 tur.
577 3086 611 3150 N
613 3085 740 3168 eglecta
752 3084 860 3148 solent
875 3085 1027 3149 incendia
1042 3105 1171 3150 sumere
1186 3083 1313 3150 uires⁷.’
1351 3087 1440 3150 Ecce
1455 3087 1563 3168 deque
1578 3085 1766 3150 auctoribus
1781 3086 1868 3151 iuris.

470 3196 617 3276 ‘Melius
635 3206 693 3275 est,
708 3197 834 3260 intacta
851 3195 920 3260 iura
939 3217 1077 3273 seruare,
1097 3217 1197 3279 quam
1220 3207 1297 3280 post
1318 3217 1474 3280 quaerere
1498 3196 1704 3261 medicinam.
1749 3196 1869 3260 Melius

471 3316 545 3373 ‘est
559 3327 726 3373 occurrere
742 3307 949 3391 intempore,
965 3328 1065 3390 quam
1082 3317 1157 3391 post
1172 3309 1300 3372 exitum
1316 3309 1481 3372 uindicare
1491 3306 1522 3372 ⁸.'
1567 3307 1761 3372 Praeuenire
1783 3307 1868 3373 licet.

470 3419 646 3484 Parantem
671 3418 840 3484 offendere
866 3419 999 3483 offendo
1025 3418 1122 3484 licite.
1160 3428 1193 3483 et
1217 3419 1251 3482 id
1278 3439 1382 3501 genus
1409 3417 1541 3500 reliqua.
1581 3436 1666 3499 quae
1692 3418 1798 3500 magis
1824 3419 1867 3482 ad

468 3530 708 3595 humanitatem
732 3529 869 3594 definita
892 3529 1052 3609 dicuntur,
1072 3539 1105 3594 et
1128 3531 1254 3594 iudiciis
1277 3529 1491 3612 comprobata
1499 3529 1520 3594 ⁹.
1566 3529 1676 3592 Nemo
1700 3549 1868 3611 exponere

468 3642 569 3707 debet
594 3662 631 3706 se
656 3640 802 3723 periculo
811 3638 845 3704 ¹⁰.
890 3641 1001 3705 Nemo
1031 3651 1208 3724 expectare
1231 3641 1340 3719 debet,
1366 3661 1403 3704 se
1428 3640 1562 3722 percuti,
1587 3637 1648 3702 nisi
1678 3639 1721 3703 sit
1746 3639 1866 3704 fatuus.

468 3753 616 3820 Obuiam
639 3751 812 3817 offensioni
838 3752 985 3815 eundum
1013 3771 1079 3816 non
1105 3752 1206 3815 modo
1232 3773 1318 3834 quae
1344 3760 1394 3816 est
1420 3751 1453 3813 in
1477 3757 1563 3829 actu,
1587 3751 1646 3813 sed
1672 3751 1701 3814 ei
1727 3772 1867 3834 quoque,

467 3885 553 3949 quae
575 3864 680 3930 estin
703 3863 852 3946 potentia
874 3863 918 3927 ad
944 3871 1067 3929 actum.
1111 3863 1192 3928 Uim
1215 3863 1247 3927 ui
1271 3862 1504 3946 repellandam,
1525 3882 1564 3926 ac
1587 3862 1866 3944 propulsandam:

467 3977 618 4058 adeoque
633 3996 699 4040 non
714 3975 980 4058 expectandam:
1004 3975 1037 4039 in
1052 3996 1119 4059 qua
1134 3975 1234 4040 etiam
1258 3973 1491 4058 expectatione
1513 3981 1547 4036 et
1569 3982 1646 4037 sunt
1667 3972 1732 4038 alia
1753 3995 1866 4057 supra·

466 4089 556 4152 dicta
578 4096 666 4151 certa
689 4087 908 4161 incommoda,
926 4095 959 4150 et
977 4086 1011 4150 id
1028 4087 1118 4170 quod
1138 4087 1171 4150 in
1189 4086 1313 4151 caussis
1332 4085 1472 4150 traditur
1489 4083 1701 4166 priuatorum,
1719 4105 1761 4148 ne
1783 4085 1868 4150 forte

499 4306 632 4372 ¹Niceph.
643 4305 688 4355 lib.
700 4319 723 4368 5.
786 4305 887 4355 'Dem
899 4319 920 4354 1.
933 4306 989 4356 ndu.
1001 4304 1109 4355 Ariston.
1174 4305 1260 4354 ⁸Dio.
1273 4303 1316 4354 lib.
1329 4315 1402 4368 45.c.
1416 4302 1455 4366 36.
1520 4302 1603 4354 ‘Ten
1614 4318 1638 4367 4.
1650 4304 1714 4354 Eun.
1726 4304 1750 4354 6.
1762 4306 1780 4356 l.
1793 4319 1832 4368 ²4.

564 4387 807 4455 'PhildeSpLe
927 4386 1037 4439 ‘Ball
1051 4386 1182 4436 ndeiust.
1196 4386 1242 4450 (D.
1257 4402 1277 4437 r.
1291 4384 1666 4451 1);Duar.1.1.depact.(n.
1681 4401 1702 4440 π.
1716 4389 1768 4452 14).

752 4469 763 4500 ἲ
779 4471 847 4520 Pers.
860 4483 882 4532 3.
893 4469 945 4521 Sat.
958 4469 1002 4532 64:
1022 4468 1078 4518 Oui.
1090 4469 1162 4518 Rem.
1174 4469 1233 4518 Am.
1247 4477 1292 4531 17:
1311 4468 1376 4517 Hor.
1390 4481 1411 4517 1.
1425 4468 1473 4533 Ep.
1488 4469 1526 4517 18.
1538 4467 1578 4518 86.

465 4555 474 4585 ⁸
486 4556 517 4606 C.
527 4554 570 4604 lib.
581 4552 778 4618 2.tit.41.1.u1.:
790 4551 914 4614 lib.3.tit.
924 4551 1020 4614 27.l.1;
1032 4549 1077 4601 lib.
1086 4550 1254 4616 9.tit.16.l.4.
1287 4549 1521 4615 'Bal.4,cons.15;
1534 4551 1608 4603 Iasi
1618 4567 1641 4614 3.
1649 4553 1681 4603 de
1687 4553 1744 4607 iusi.
1751 4555 1797 4620 (D.
1805 4569 1825 4607 1.
1835 4557 1865 4617 ι).

526 4637 544 4666 ¹⁰
560 4630 1804 4700 Bal.1.oons.569.4.3ra;Alex.2.144;Cla.§Homicidium;Zns.l.utuim.(D.1.2,3).
