4498 5566
471 761 503 824 vi
727 819 733 830 ,
906 707 909 716 Ι
970 758 1377 824 PRAEFATIO.

428 971 430 977 ,
472 997 706 1097 subiungere.
761 997 914 1097 Longus
940 1013 1020 1072 erat
1047 1014 1087 1071 et
1116 996 1306 1095 insipidus
1334 997 1402 1070 sed
1428 1023 1502 1072 non
1528 996 1725 1070 euitandus
1755 993 1870 1079 labor,

472 1130 576 1205 cuius
593 1148 719 1206 tamen
738 1133 895 1207 similem
910 1158 984 1207 non
998 1149 1056 1206 est
1070 1132 1293 1230 dedignatus
1307 1132 1480 1230 egregius
1495 1131 1555 1205 ille
1572 1130 1838 1227 Barbeyracius
1850 1129 1870 1200 ¹.

524 1264 693 1360 Operum
711 1291 861 1363 quoque
885 1266 1090 1350 citatorum,
1110 1289 1268 1361 quorum
1287 1290 1362 1338 non
1387 1289 1589 1360 paucorum
1611 1264 1723 1338 hodie
1741 1288 1789 1337 ne
1807 1287 1871 1337 no·

472 1397 572 1470 mina
598 1399 749 1494 quidem
774 1398 952 1472 memoria
978 1399 1232 1485 adseruantur,
1251 1396 1391 1471 conieci
1416 1397 1585 1484 indicem,
1603 1422 1716 1494 quem
1743 1394 1872 1470 utilem

472 1529 635 1603 suturum
654 1557 738 1606 esse
756 1557 866 1629 spero
885 1532 932 1605 ad
951 1557 1061 1606 ueros
1079 1531 1255 1604 scientiae
1273 1547 1423 1605 nostrae
1442 1531 1692 1627 exquirendos
1710 1530 1842 1604 fontes

523 1663 689 1738 Textum
707 1665 881 1739 editionis
899 1666 985 1736 anni
1005 1687 1140 1738 Mncxrr
1159 1689 1240 1736 sum
1264 1680 1433 1750 secutus;
1462 1666 1498 1735 in
1516 1689 1592 1759 quo
1611 1663 1700 1736 nihil
1719 1665 1870 1748 mutaui‚

470 1796 540 1868 nisi
575 1798 677 1892 quod
719 1797 812 1894 preli
855 1823 999 1873 errores
1043 1798 1257 1871 innumeros
1300 1798 1412 1870 tacite
1454 1798 1607 1884 correxi,
1653 1814 1871 1895 perpetuam
1967 1807 1970 1812 “

470 1933 679 2028 argumenti
698 1933 842 2019 seriem,
861 1958 936 2028 quo
956 1931 1074 2029 magis
1093 1929 1294 2004 lucesceret
1313 1932 1494 2005 sermonis
1513 1933 1616 2016 ratio,
1638 1932 1674 2003 in
1693 1932 1869 2027 periodos

471 2066 649 2139 discretas
674 2067 829 2153 seiunxi,
848 2080 1068 2162 punctorum
1093 2065 1157 2138 uix
1182 2062 1413 2138 tolerandam
1439 2064 1722 2150 multitudinem,
1742 2089 1871 2160 quam·

471 2201 528 2272 uis
554 2200 718 2274 seculum
746 2198 834 2273 illud
861 2199 1077 2294 sapientem,
1105 2198 1165 2270 hic
1191 2196 1263 2271 illic
1284 2225 1397 2272 ausus
1424 2225 1506 2272 sum
1534 2200 1708 2274 minuere.
1733 2200 1870 2272 Latini-

469 2350 585 2408 tatem
621 2358 695 2430 qua
734 2359 823 2406 usus
863 2347 921 2407 est
956 2331 1126 2419 Gentilis‚
1163 2357 1367 2429 numquam
1402 2358 1477 2405 non
1516 2333 1648 2406 duram
1688 2348 1727 2406 et
1761 2333 1869 2405 nimis

469 2470 673 2554 remissam,
704 2469 742 2540 in
772 2465 957 2540 nonnullis
991 2464 1092 2552 locis
1129 2467 1190 2540 ubi
1223 2467 1312 2539 mihi
1344 2469 1495 2563 quidem
1530 2493 1680 2564 prorsus
1716 2467 1868 2565 intelligi

470 2630 546 2679 non
572 2616 707 2699 potest,
735 2600 846 2675 obelo
871 2601 1009 2674 notaui.

523 2738 598 2810 His
630 2735 854 2833 praemissis,
881 2748 997 2809 restat
1027 2735 1189 2808 auctoris
1219 2736 1341 2811 adhuc
1371 2761 1501 2833 parum
1530 2737 1724 2811 memorati
1751 2738 1867 2810 uitam

469 2873 633 2948 breuiter
658 2894 817 2956 narrare,
845 2893 988 2942 necnon
1014 2869 1137 2966 operis
1167 2869 1230 2942 Du
1259 2872 1356 2945 luas
1383 2873 1499 2946 Banu
1528 2873 1710 2970 originem
1737 2887 1780 2954 et¹
1797 2871 1877 2978 for-¹

469 3025 579 3082 tunas
596 3005 815 3080 describere.

1011 3247 1015 3256 ⁴
1043 3255 1216 3328 Albericz'
1246 3257 1345 3330 Uita.

522 3401 645 3473 Natus
675 3412 733 3472 est
762 3393 959 3470 Albericus
990 3396 1051 3471 die
1078 3398 1224 3471 decimo
1254 3415 1387 3494 quarto
1420 3399 1581 3474 Ianuarii
1609 3401 1695 3473 anni
1724 3401 1865 3485 unt11²,

468 3537 504 3608 in
528 3532 667 3628 oppido
696 3531 1018 3617 Sancto-GinesiO,
1046 3530 1197 3606 civitate
1227 3531 1377 3610 Maroae
1404 3533 1663 3608 Anconitanae
1690 3533 1867 3629 antiquis-

506 3779 515 3810 ¹
538 3777 631 3836 ‘Rem
646 3792 738 3852 prope
753 3773 888 3832 immensi
903 3773 1009 3833 laboris
1029 3774 1184 3852 adgressus
1204 3794 1299 3835 sum.
1323 3820 1329 3833 .
1353 3819 1359 3832 .
1381 3785 1412 3834 ut
1427 3775 1562 3833 nimirum
1580 3775 1680 3835 omnia
1694 3776 1759 3835 loca
1776 3776 1866 3852 scrip·

465 3885 562 3936 torum
581 3893 656 3951 quae
674 3874 712 3931 ab
731 3882 849 3931 auctore
868 3882 968 3930 nostro
989 3871 1156 3933 adferuntur
1170 3884 1220 3933 aut
1239 3874 1413 3944 indicantur,
1430 3873 1460 3931 in
1482 3873 1552 3950 ipsis
1572 3872 1709 3946 sontibus
1724 3884 1866 3950 quantum

464 3973 526 4032 fieri
540 3982 647 4050 posset,
664 3989 840 4048 quaererem.
858 4015 864 4028 .
881 4017 887 4029 .
904 4015 910 4030 .
954 3970 1129 4048 Saepissime
1143 3983 1241 4033 autern
1256 3983 1356 4032 auctor
1370 3972 1448 4032 unde
1462 3972 1571 4049 aliquid
1586 3973 1690 4048 petitur
1700 3973 1866 4048 simpliciter

465 4072 585 4130 nomine
604 4087 659 4129 suo
674 4069 862 4140 indicabatur,
878 4069 956 4127 nulla
970 4072 1118 4130 mentione
1139 4071 1215 4130 facta
1236 4072 1341 4148 operis,
1358 4071 1429 4143 libri,
1445 4071 1554 4129 nedum
1569 4071 1670 4146 capitis
1688 4080 1737 4129 aut
1754 4088 1864 4129 uersus.

463 4168 632 4244 Aliquando
653 4168 798 4243 equidem,
820 4168 868 4226 uel
888 4187 924 4226 ex
946 4169 1098 4241 indicibus
1118 4171 1165 4228 uel
1186 4189 1222 4229 ex
1244 4171 1386 4230 memoria
1407 4179 1515 4239 nostra,
1531 4169 1578 4227 uel
1599 4187 1688 4227 exre
1710 4169 1782 4244 ipsa,
1799 4168 1866 4226 loca

463 4267 609 4343 quaedam
623 4264 700 4324 haud
711 4267 756 4326 ita
769 4265 920 4324 difficulter
934 4268 1082 4342 potuimus
1097 4269 1235 4327 inuenire.
1280 4268 1339 4327 Sed
1353 4268 1523 4346 plerumque
1538 4266 1606 4324 inde
1621 4266 1691 4324 nihil
1706 4266 1791 4324 nobis
1806 4276 1866 4323 erat

462 4363 601 4424 subsidii!
643 4363 826 4439 Barbeyracii
841 4365 980 4440 praefatio
995 4366 1033 4424 ad
1047 4366 1205 4424 editionem
1228 4384 1310 4425 suam
1331 4365 1369 4424 H„
1387 4365 1482 4425 Groui
1497 4363 1543 4422 De
1556 4362 1625 4422 Iure
1639 4363 1720 4422 Belli
1729 4371 1756 4421 el
1767 4362 1865 4433 Pacis,

462 4463 532 4521 anni
547 4480 671 4524 unccxx.

502 4559 514 4592 ²
535 4559 633 4636 Uulgo
651 4560 731 4619 aliter
745 4561 877 4632 creditur,
893 4561 945 4620 sed
959 4561 998 4619 ita
1012 4563 1074 4638 ipse
1094 4572 1213 4622 testatur
1227 4561 1378 4621 Albericus
1392 4563 1423 4620 in
1441 4561 1629 4620 adnotatione
1644 4559 1769 4637 quadarn
1785 4579 1802 4618 a
1816 4577 1864 4618 me

459 4659 491 4718 in
506 4657 585 4718 libris
599 4659 661 4718 eius
675 4677 766 4718 manu
781 4659 893 4737 scriptis
908 4660 1124 4736 perscrutandis
1137 4661 1336 4720 recentissime
1350 4667 1473 4738 reperta.

468 4807 607 4816 ------.
621 4809 629 4814 .
658 4807 720 4813 --.-...-
738 4805 812 4813 ...-
823 4807 832 4812 -
