4498 5566
729 768 790 822 DE
821 768 923 823 IURE
953 768 1086 840 BELLI,
1117 769 1244 842 Liar,
1276 770 1363 834 CAP,
1387 772 1425 826 X.
1615 791 1617 794 ¹
1733 781 1772 842 41

376 1009 598 1092 compelleret,
624 1010 868 1094 peregrinorum
894 1012 1014 1076 rituum
1045 1020 1195 1079 auctores
1228 1011 1396 1095 suppliciis
1426 1020 1685 1096 persequeretur,
1712 1033 1778 1077 non

380 1123 481 1186 modo
497 1122 607 1185 Deum
625 1123 738 1204 gratia,
754 1143 837 1204 quos
855 1123 911 1206 qui
931 1124 1120 1201 contemnit,
1135 1122 1225 1187 haud
1244 1123 1344 1187 dubie
1362 1123 1451 1187 aliud
1470 1126 1647 1207 quicquam
1667 1127 1780 1207 magni

378 1233 485 1312 faciet,
514 1233 572 1296 sed
599 1242 774 1316 propterea
805 1235 915 1312 etiarn,
940 1235 1028 1316 quod
1055 1235 1111 1317 qui
1137 1254 1223 1298 noua
1251 1235 1385 1299 numina
1413 1237 1632 1314 introducunt,
1657 1235 1781 1300 multos

379 1345 548 1429 pelliciunt
566 1345 599 1408 in
619 1345 867 1425 coniurationes,
882 1345 1011 1428 aliaque
1025 1367 1110 1428 quae
1126 1347 1261 1411 minime
1278 1349 1455 1411 commoda
1473 1347 1669 1430 principatui
1684 1348 1782 1410 unius

380 1466 456 1522 sunt
466 1456 487 1519 ¹.
532 1457 578 1521 Et
596 1457 658 1522 hac
679 1458 863 1541 suspicione
884 1457 1006 1521 inducti
1026 1458 1126 1522 hodie
1148 1479 1214 1522 non
1237 1459 1343 1528 serunt
1363 1457 1500 1522 Lutheri
1522 1459 1663 1523 tradita:
1687 1459 1781 1539 quasi

380 1590 420 1636 ea
443 1569 601 1653 potestati
624 1569 812 1653 Principum
830 1569 1044 1633 aduersentur
1054 1568 1076 1634 ².
1120 1569 1190 1632 Alii
1210 1578 1333 1648 contra,
1356 1571 1412 1651 qui
1436 1569 1584 1638 Luthero
1606 1568 1781 1633 audierunt

382 1679 557 1763 Principes,
579 1701 645 1745 non
661 1681 776 1744 uident
799 1682 922 1765 primos
944 1680 1091 1758 libenter,
1111 1681 1181 1745 siue
1205 1680 1452 1756 ecclesiasticos,
1471 1683 1540 1746 siue
1558 1681 1679 1746 laicos:
1703 1703 1780 1745 nam

381 1793 674 1858 ecclesiasticorum
702 1792 833 1856 turbam
860 1792 1021 1857 infinitam
1049 1793 1263 1857 iurisdictioni
1290 1792 1478 1875 Principum
1504 1793 1642 1857 subduci
1667 1793 1782 1856 uident

382 1905 560 1983 laicorum;
584 1915 617 1969 et
635 1904 784 1969 subditos
807 1904 948 1986 reliquos
971 1905 1122 1968 iudicatis
1143 1904 1335 1983 haeretieis3
1363 1905 1462 1969 etiam
1486 1905 1571 1969 filios
1593 1905 1782 1988 parentibus

382 2017 451 2082 suis
471 2017 539 2080 fieri
557 2016 671 2081 hostes
681 2015 704 2080 ³.
751 2015 859 2093 Certe,
875 2037 960 2099 quae
981 2017 1025 2080 sit
1048 2017 1247 2081 eiuscemodi
1272 2015 1387 2098 religio
1407 2019 1546 2081 aduersa
1570 2016 1782 2098 Principibus,

383 2149 450 2194 non
465 2128 594 2193 seretur.
633 2129 678 2192 Et
696 2129 813 2192 merito
829 2137 1002 2210 propterea
1021 2127 1106 2210 pulsi
1121 2127 1299 2210 aliquando
1312 2129 1486 2210 Epicuraei
1502 2128 1545 2192 ab
1561 2125 1669 2192 urbe‘.
1706 2147 1783 2191 nam

382 2239 585 2305 dissoluebat
609 2262 648 2304 ea
672 2249 762 2304 secta
788 2259 919 2323 prorsus
946 2239 1265 2304 administrationem
1290 2240 1426 2321 imperii.
1470 2248 1507 2303 ut
1529 2239 1611 2304 haec
1634 2245 1704 2302 erat
1725 2240 1784 2302 ad-

383 2352 581 2417 ministratio
599 2351 704 2415 multa
721 2351 754 2414 in
771 2350 981 2434 religionibus
1003 2359 1035 2414 et
1055 2358 1143 2414 metu
1163 2351 1320 2415 Deorum.
1365 2350 1455 2433 Quin
1474 2352 1542 2414 imo
1560 2351 1602 2414 ab
1621 2349 1784 2419 atheismo

385 2464 569 2541 manifesto,
587 2472 630 2528 'et
653 2463 799 2546 professo
827 2461 905 2525 nihil
932 2462 1072 2525 multum
1099 2461 1201 2525 distat
1228 2462 1482 2544 Epicureismus.
1528 2462 1578 2526 Ut
1604 2461 1784 2526 doctissimi

387 2575 534 2640 Hebraei
561 2575 716 2650 scribunt,
742 2574 868 2638 dictum
896 2573 1027 2636 Iudaeis
1056 2573 1254 2655 Epicuraeis,
1278 2574 1512 2656 ‘Negauerunt
1536 2572 1727 2651 Dominum,
1752 2581 1787 2636 et
1848 2579 1850 2584 ’

385 2692 394 2720 ‘
411 2689 575 2765 dixerunt,
591 2687 667 2770 quia
683 2706 749 2749 non
766 2694 815 2749 est
828 2681 860 2750 ⁶.'
905 2683 1006 2767 Quod
1023 2684 1050 2748 si
1066 2705 1145 2748 uero
1161 2684 1276 2767 religio
1296 2684 1500 2767 Principibus
1516 2705 1581 2749 non
1598 2693 1695 2753 nocet
1710 2683 1787 2746 sub-

385 2801 531 2865 ditorum
554 2799 670 2877 aliena,
686 2798 792 2861 Persis
815 2797 878 2860 illis
901 2817 1014 2861 sumus
1038 2791 1298 2884 improbi[0res],
1315 2797 1370 2879 qui
1388 2796 1520 2860 Danieli
1541 2795 1788 2873 insidiabantur,

383 2913 413 2976 si
437 2921 471 2976 et
497 2933 558 2975 nos
584 2912 710 2975 alienae
736 2909 900 2993 religionis
926 2907 1164 2991 professoribus
1193 2908 1323 2972 molesti
1350 2929 1481 2973 sumus:
1513 2917 1645 2973 etcum
1670 2909 1788 2972 iisdem

385 3024 526 3088 dicimus
551 3024 666 3103 Persis,
689 3023 786 3087 ‘Non
809 3041 922 3086 sumus
944 3020 1107 3084 inuenturi
1131 3028 1245 3084 contra
1263 3021 1344 3084 istos
1367 3021 1573 3086 occasionem
1596 3021 1709 3097 ullam,
1726 3020 1788 3085 nisi

386 3136 616 3200 ‘inueniamus
646 3137 689 3199 de
718 3135 791 3218 lege
822 3135 967 3216 ipsorum
980 3129 1012 3197 ⁰?
1058 3133 1098 3197 Id
1126 3132 1282 3196 iniustum
1313 3132 1523 3197 affirmamus,
1569 3134 1701 3198 ‘Bonus
1731 3132 1788 3211 uir,

388 3247 513 3312 ‘Caius
534 3246 637 3326 Seius,
659 3256 787 3311 tantum
811 3247 900 3328 quod
926 3242 1173 3310 Christianus?
1219 3242 1288 3308 Sed
1314 3245 1487 3326 omnisque
1514 3241 1789 3330 (respondebunt)

388 3360 584 3442 religionum
599 3359 771 3424 diuersitas
787 3358 978 3422 societatem
995 3355 1140 3439 quodam
1161 3355 1261 3420 modo
1277 3357 1423 3440 impedit.
1477 3357 1526 3422 Ut
1542 3358 1650 3421 unitas
1665 3355 1789 3420 scilicet

389 3472 554 3555 religionis
576 3472 663 3548 lacit,
681 3471 791 3534 unitos
813 3468 965 3534 homines
988 3488 1069 3532 esse.
1115 3469 1205 3550 quod
1230 3467 1273 3531 de
1295 3469 1361 3532 suis
1386 3468 1517 3533 Iudaeis
1534 3469 1646 3533 scribit
1664 3467 1759 3532 Philo
1768 3466 1790 3532 ⁸.

391 3586 438 3650 Et
470 3582 593 3663 Cicero,
620 3582 710 3666 quod
741 3582 953 3664 magistratus
979 3580 1158 3645 constituta
1188 3579 1352 3662 religione,
1377 3580 1612 3662 rempublicam
1645 3581 1791 3646 maxime

388 3695 560 3760 continent
571 3695 592 3756 ⁹.
638 3695 684 3757 Et
703 3693 766 3771 alii,
789 3695 879 3775 quod
903 3712 1009 3756 exea
1032 3691 1223 3755 diuersitate
1244 3689 1417 3773 religionis,
1441 3693 1540 3756 etiarn
1564 3701 1598 3756 et
1620 3703 1790 3770 sectarum,

390 3829 501 3890 exque
512 3807 669 3872 distantia
681 3807 768 3869 uitae
783 3814 883 3886 atque
899 3824 1037 3880 morum,
1051 3814 1084 3867 et
1095 3803 1172 3865 odia
1187 3812 1282 3866 sunt:
1299 3812 1399 3885 atque
1415 3825 1457 3868 ex
1474 3803 1558 3868 odiis
1573 3801 1790 3868 seditionesm.

388 3941 459 4002 quo
489 3939 587 4001 saepe
618 3915 706 3981 malo
736 3916 886 3980 ciuitates
917 3914 1047 3978 interire
1077 3920 1217 3977 constat.
1278 3913 1461 3978 Diuersitas
1492 3913 1655 3998 religionis
1684 3914 1791 3978 omnis

388 4030 543 4098 dissoluit
569 4029 752 4112 imperium.
798 4027 847 4092 Ut
874 4035 985 4090 censet
1012 4023 1192 4098 Cardanus‚
1218 4032 1251 4086 et
1282 4025 1491 4107 pertinaciter
1521 4025 1690 4090 contendit
1721 4045 1791 4090 mo·

388 4148 514 4212 dernus
531 4142 686 4207 Politicus
695 4138 728 4202 ¹¹.
775 4139 849 4202 Imo
867 4138 974 4201 omnis
992 4156 1058 4200 non
1077 4135 1178 4199 modo
1198 4137 1345 4215 mutatio,
1364 4136 1422 4200 sed
1442 4137 1541 4201 etiam
1565 4138 1717 4212 aceessi0,
1734 4145 1793 4202 aut

386 4379 396 4409 ¹
418 4378 472 4428 Dio
491 4377 535 4427 lib.
547 4389 586 4439 52.
601 4391 622 4424 c.
636 4373 674 4438 36.
743 4371 838 4421 ⁹Guic.
853 4386 890 4434 13·
904 4386 943 4420 ao.
1007 4371 1049 4420 ὀ.
1064 4383 1085 4418 a.
1097 4367 1127 4417 de
1139 4367 1214 4416 iudic.
1226 4383 1247 4417 c.
1262 4381 1300 4430 13.
1311 4368 1342 4416 de
1353 4367 1450 4424 haere:
1469 4369 1497 4420 P.
1510 4370 1581 4419 Aem.
1593 4383 1620 4431 5;
1639 4370 1698 4419 Nat.
1711 4370 1757 4420 Co.
1770 4386 1794 4434 9.

491 4460 502 4490 ⁴
517 4458 616 4508 Aelian.
627 4457 671 4507 lib.
683 4471 708 4522 9.
720 4472 742 4508 c.
755 4469 793 4505 12.
915 4453 925 4482 ⁵
941 4454 972 4503 R.
984 4453 1054 4516 Moy.
1066 4452 1145 4516 Aegy.
1158 4465 1180 4514 3.
1192 4451 1248 4501 duc.
1260 4451 1320 4502 dub.
1334 4452 1372 4502 18.
1493 4452 1503 4481 ⁸
1520 4452 1619 4502 Daniel.
1633 4450 1655 4502 6.
1674 4467 1697 4515 5.

524 4539 535 4570 ¹
551 4540 644 4591 Tertul.
658 4540 724 4606 Apo.
738 4554 760 4602 3.
893 4536 902 4565 ⁸
919 4537 983 4587 Phil.
995 4537 1027 4585 de
1039 4535 1097 4584 For.
1110 4539 1146 4600 (p.
1161 4537 1228 4597 741).
1369 4535 1379 4563 ⁰
1396 4534 1449 4584 Cic.
1466 4549 1486 4582 2.
1500 4535 1530 4584 de
1542 4534 1611 4599 Legi.
1625 4547 1663 4582 11.

460 4624 481 4652 ¹⁰
497 4624 594 4673 Manut.
606 4623 637 4672 de
649 4621 720 4686 legi.
731 4639 737 4683 ;
750 4620 826 4686 Apul.
838 4619 870 4670 de
882 4619 975 4671 Phflos.
986 4634 1049 4668 mor.
1149 4616 1166 4644 ¹¹
1183 4617 1257 4666 Card.
1271 4633 1293 4680 3.
1306 4618 1336 4666 de
1348 4618 1422 4682 Sap.;
1435 4617 1503 4682 Lips.
1516 4616 1571 4667 Pol.
1580 4617 1623 4667 lib.
1637 4631 1661 4680 4.
1673 4632 1695 4666 e.
1708 4631 1730 4679 3.

1086 4822 1111 4870 G
1137 4865 1140 4872 .
