4498 5566
481 760 525 830 50
968 747 1170 802 ALBERJCI
1198 747 1401 801 GENTILIS

479 993 603 1058 subditi
621 993 675 1058 isti
691 1012 756 1056 non
771 1011 904 1075 prorsus
919 990 1042 1054 subditi
1059 989 1227 1053 conuentis
1246 996 1333 1052 stare
1348 1010 1413 1052 non
1431 999 1627 1070 tenerentur,
1644 991 1670 1054 si
1688 991 1880 1072 religionem

479 1105 578 1169 aliam
601 1104 770 1168 meliorem
789 1102 946 1179 uiderent,
962 1109 996 1164 et
1019 1101 1197 1164 crederent.
1243 1100 1331 1163 Nam
1354 1111 1523 1183 receptum
1543 1112 1601 1180 est,
1618 1123 1679 1166 nec
1697 1101 1881 1166 iuramenta

478 1215 590 1280 ualere
612 1235 698 1297 quae
721 1235 787 1278 non
807 1211 933 1276 habent
951 1210 1025 1274 illos
1046 1211 1186 1275 comites
1203 1219 1277 1290 tres,
1299 1212 1485 1292 ‘iustitiam,
1504 1223 1537 1278 et
1555 1214 1721 1288 iudicium,
1741 1224 1774 1278 et
1797 1212 1880 1276 ueri·

478 1329 486 1359 ‘
501 1335 605 1390 tatem
615 1322 646 1389 ¹.'
691 1324 820 1408 Quibus
838 1322 992 1387 omnibus
1012 1321 1066 1386 hic
1084 1322 1292 1386 destituimur
1309 1323 1453 1406 liquido:
1477 1326 1533 1389 ubi
1552 1324 1669 1388 falsam
1688 1325 1880 1408 religionem

477 1437 690 1520 probauimus
713 1435 826 1519 ignari,
843 1445 876 1499 et
894 1444 1006 1498 tenere
1028 1433 1275 1516 spopondimus.
1321 1434 1438 1515 Audis,
1458 1435 1573 1518 ‘Quae
1595 1437 1637 1500 ad
1662 1436 1761 1500 fidem
1780 1437 1880 1519 perti-

476 1551 586 1626 ‘nent,
603 1568 642 1611 ea
662 1566 728 1610 non
744 1567 874 1610 seruare
892 1546 1057 1610 interdum
1074 1555 1124 1609 est
1142 1543 1306 1610 iustum2.’
1359 1546 1405 1610 Et
1423 1568 1443 1610 a
1459 1549 1633 1611 temerario
1648 1557 1748 1631 atque
1766 1549 1878 1612 incon·

474 1657 561 1721 sulto
585 1658 791 1721 iureiurando
815 1657 975 1735 recedere,
999 1676 1064 1719 non
1088 1665 1138 1720 est
1161 1657 1348 1738 periurium,
1370 1657 1428 1721 sed
1451 1659 1603 1738 officium,
1626 1659 1704 1723 etc.3
1763 1659 1809 1723 Et
1832 1659 1878 1723 ita

474 1769 574 1852 igitur
596 1789 723 1846 censeo,
746 1768 858 1850 utqui
882 1767 1034 1831 subditus
1053 1767 1266 1849 priuatusque
1288 1787 1354 1832 non
1378 1778 1436 1846 est,
1455 1769 1482 1833 is
1505 1790 1541 1833 se
1564 1769 1740 1834 defendere
1763 1780 1877 1834 contra

473 1880 656 1963 principem
679 1880 712 1942 in
735 1878 797 1943 ista
816 1899 931 1943 caussa
954 1878 1120 1960 religionis
1138 1878 1239 1942 etiam
1258 1899 1316 1960 per
1333 1878 1458 1943 bellum
1481 1881 1594 1962 possit.
1639 1880 1706 1963 Qui
1724 1881 1876 1945 subditus

473 1991 571 2056 simul
594 2000 627 2055 et
650 1991 797 2072 priuatus
819 2011 886 2053 non
909 1999 967 2069 est,
983 1990 1011 2053 is
1029 1988 1147 2053 ultimo
1170 1987 1251 2068 loco,
1267 1998 1300 2052 et
1322 2010 1383 2072 pro
1406 1991 1550 2055 remedio
1566 1990 1683 2055 ultimo
1705 2000 1816 2074 potest
1837 2013 1874 2056 se

473 2102 506 2165 in
528 2101 601 2166 aliis
627 2101 750 2166 caussis
774 2099 863 2164 bello
885 2101 968 2164 tueri
977 2098 1001 2162 ⁴.
1033 2109 1076 2179 ut,
1099 2120 1200 2182 quem
1223 2120 1289 2163 non
1312 2100 1404 2165 iuuat
1427 2102 1509 2165 ratio
1533 2111 1668 2184 propter
1689 2103 1872 2185 potentiam

472 2215 606 2294 domini,
636 2233 728 2278 arma
757 2234 833 2277 eum
863 2211 1051 2276 defendant.
1091 2232 1166 2275 cum
1197 2211 1230 2274 id
1260 2233 1365 2295 genus
1393 2212 1473 2277 aliis.
1511 2235 1596 2296 quae
1626 2214 1673 2279 sic
1702 2213 1873 2292 definiunt,

471 2325 562 2409 quod
592 2325 777 2408 quaesitum
804 2334 838 2389 et
868 2323 1074 2388 indefinitum
1105 2322 1254 2387 relictum
1284 2322 1363 2388 alibi
1393 2345 1413 2388 a
1443 2323 1550 2387 Baldo
1577 2334 1627 2389 est
1637 2325 1659 2387 ⁶.
1714 2324 1873 2389 Defensio

470 2436 557 2501 iusta
578 2446 692 2501 contra
715 2456 831 2500 omnes
853 2443 911 2514 est,
930 2455 989 2499 nec
1010 2433 1111 2498 debet
1129 2433 1233 2498 ullum
1252 2444 1392 2516 patrono
1409 2434 1569 2499 honorem
1580 2435 1601 2500 ⁶.
1648 2436 1797 2500 Priuatus
1815 2437 1871 2518 qui

469 2548 572 2613 homo
588 2558 647 2627 est,
662 2547 743 2611 nihil
758 2547 896 2612 istorum
912 2555 1032 2629 potest.
1078 2544 1147 2610 Sed
1164 2567 1208 2610 ex
1224 2544 1345 2610 Christi
1361 2547 1449 2610 iussu
1464 2547 1578 2630 fugere
1594 2556 1724 2611 tantum
1738 2547 1839 2612 habet
1849 2547 1870 2613 ⁷.

471 2659 601 2722 Durum
619 2658 752 2741 spoliari
771 2659 886 2740 patria,
902 2657 1048 2721 fortunis.
1094 2656 1143 2721 At
1163 2655 1286 2721 Christi
1306 2657 1412 2722 iussus
1429 2657 1483 2723 hic
1503 2667 1560 2724 est.
1615 2658 1690 2722 Lex
1709 2659 1770 2723 etsi
1789 2659 1871 2724 dura

469 2768 621 2848 hominis,
640 2790 679 2833 ea
698 2770 859 2832 seruanda
882 2778 931 2833 est
954 2777 1066 2832 tamen
1076 2767 1098 2833 ⁸.
1144 2767 1190 2832 Et
1208 2777 1319 2833 tamen
1339 2769 1518 2833 uidendum
1541 2770 1594 2834 hic
1612 2790 1744 2853 quoque
1765 2779 1824 2849 est,
1843 2771 1870 2833 si

469 2901 513 2945 ex
540 2881 670 2964 priuato
696 2881 729 2942 in
753 2879 923 2963 publicum
946 2880 1029 2944 itum
1056 2880 1107 2944 sit.
1137 2881 1227 2962 quod
1251 2882 1383 2963 quando
1405 2881 1509 2964 possit
1532 2881 1642 2960 uideri,
1666 2881 1726 2946 erit
1749 2881 1868 2946 alicubi

469 3001 585 3074 postea
603 2993 810 3057 adnotatum.

1061 3247 1151 3321 Cae.
1182 3247 1279 3320 ΧΙΙ.

704 3417 846 3491 Utrum
870 3415 947 3487 siat
970 3439 1116 3488 caussae
1138 3415 1331 3488 naturales
1356 3415 1442 3488 balli
1455 3417 1633 3514 faca'ena’z'.

511 3593 710 3670 SEQUITUR
730 3593 773 3656 de
796 3589 998 3655 naturalibus
1017 3589 1095 3654 belli
1116 3591 1231 3654 causis.
1276 3591 1392 3673 Atque
1414 3593 1538 3657 bellum
1556 3615 1577 3659 a
1595 3604 1711 3659 natura
1729 3596 1865 3676 uidetur,

466 3704 493 3766 si
513 3724 534 3766 a
554 3703 668 3786 primis
691 3702 864 3767 elementis
886 3702 929 3765 ad
952 3699 1103 3765 homines
1126 3722 1230 3783 usque
1252 3702 1486 3769 descendendo
1508 3715 1660 3769 naturam
1685 3727 1792 3771 rerum
1817 3709 1865 3771 in-

465 3815 598 3879 tuearis.
644 3815 733 3879 Ecce
754 3813 879 3879 etenim
901 3813 996 3877 nobis
1018 3812 1144 3877 bellum
1162 3812 1409 3893 elementorum,
1428 3835 1488 3898 per
1513 3818 1603 3900 quod
1630 3819 1712 3882 mori
1739 3821 1772 3883 in
1796 3821 1867 3885 dies

465 3926 637 4004 mundum,
663 3934 697 3989 et
723 3927 822 4004 nasci,
848 3922 1036 4008 philosophi
1060 3924 1206 3988 dicunti.
1241 3925 1397 4008 quodque
1423 3928 1523 3991 etiam
1550 3927 1670 4014 (inuito
1698 3929 1868 4016 Lucretio)

488 4037 556 4099 ium
576 4037 698 4108 dicunt,

464 4056 486 4117 p
955 4127 1127 4181 ‘·—-cum
1149 4123 1278 4181 maxima
1300 4123 1410 4194 mundi,

733 4222 886 4298 ‘Pugnent
906 4221 1047 4293 membra,
1068 4221 1119 4297 pio
1139 4238 1326 4298 nequaquam
1347 4211 1461 4282 concita
1483 4223 1604 4285 bello¹⁰.'

528 4410 716 4476 ¹e.a2.q.2.
814 4409 1089 4461 ¹cic.1.deoff.1o.
1196 4412 1801 4485 ³l.ult.quisaco.(D.a.8)etcan.naqa

796 4491 805 4521 ⁴
822 4491 876 4540 Bal.
890 4505 912 4553 3.
925 4507 993 4541 cous.
1007 4503 1063 4554 313.
1076 4501 1133 4554 371.
1275 4493 1285 4524 ⁸
1301 4495 1355 4547 Bal.
1371 4509 1391 4547 1.
1403 4513 1470 4549 cous.
1483 4498 1540 4560 326.

494 4573 536 4624 ⁸1.
552 4588 589 4624 ιο.
604 4586 641 4639 14.
654 4573 721 4622 dein
733 4573 771 4623 ius
782 4573 894 4636 uoc.(D.
907 4587 927 4622 a.
939 4573 975 4636 4).
1079 4571 1198 4624 'Mateta
1213 4589 1250 4626 10.
1264 4589 1302 4640 ²3·
1403 4577 1446 4630 ⁸1.
1461 4594 1499 4632 ια.
1510 4581 1675 4647 quietiqui.
1687 4583 1733 4644 (D.
1744 4599 1784 4648 4ο.
1796 4584 1833 4648 9).

690 4654 793 4704 'Arist
808 4655 919 4712 deMu.;
932 4654 996 4704 Phil.
1008 4654 1077 4719 quod
1087 4670 1138 4708 mu.
1150 4656 1235 4706 sitim.
1367 4658 1385 4688 ¹⁰
1401 4661 1473 4713 Lucr.
1488 4662 1532 4712 lib.
1545 4677 1568 4727 5.
1581 4664 1637 4726 381.
