4522 5570
725 755 786 810 DE
814 755 918 811 ruas
946 755 1080 825 astar,
1111 758 1191 814 trs.
1215 758 1257 826 rr,
1289 759 1377 816 [ΑΡ.
1405 757 1435 815 V.
1718 769 1778 836 143

381 996 619 1080 uictoriamque
628 997 647 1062 ¹.
703 999 771 1082 Qui
798 1009 911 1064 tamen
938 1009 1070 1082 negant,
1098 997 1302 1063 Iabeschitas
1325 1019 1397 1062 esse
1420 1000 1585 1078 mentitos,
1611 1001 1712 1079 aiunt,
1735 1000 1781 1064 illi

381 1109 501 1172 nuncio
528 1110 663 1174 subesse
690 1110 926 1188 condicionem,
950 1113 977 1174 si
1004 1111 1175 1194 suppetiae
1205 1131 1270 1174 non
1293 1110 1478 1175 adfuerint:
1511 1122 1546 1175 ut
1577 1111 1623 1176 sic
1653 1112 1781 1175 fuerant

381 1230 480 1285 antea
502 1223 600 1303 pacti.
646 1222 691 1284 Et
710 1223 845 1303 quidem
869 1223 914 1287 sic
937 1223 999 1286 suit
1021 1224 1210 1303 negandum
1235 1222 1454 1286 mendacium.
1488 1223 1621 1286 sienim
1645 1224 1781 1287 menda-

382 1333 468 1396 cium
504 1341 564 1408 est,
602 1332 736 1397 delendi
774 1333 827 1398 hic
866 1335 974 1416 ipsum
1016 1333 1139 1415 nequit.
1194 1332 1369 1415 adprobari
1406 1342 1518 1396 autem
1556 1335 1624 1397 iure
1660 1343 1782 1411 nostro,

382 1444 539 1526 quoniam
573 1445 607 1507 in
638 1454 808 1510 contractu
843 1445 899 1526 qui
933 1445 1034 1508 alium
1068 1444 1201 1527 respicit
1235 1442 1503 1524 condicionalem,
1533 1445 1672 1526 repetita
1702 1465 1781 1508 con·
1851 1461 1855 1464 ·

381 1557 467 1620 dicio
500 1557 701 1640 intelligitur,
735 1558 802 1621 imo
831 1553 1021 1640 expressa².
1083 1556 1129 1620 Et
1161 1577 1223 1638 ego
1253 1566 1366 1621 tamen
1399 1577 1464 1621 non
1494 1565 1576 1639 puto
1608 1559 1781 1639 repetitam

382 1668 631 1733 condicionem:
669 1669 746 1753 quia
784 1670 885 1733 uerba
917 1668 1120 1751 repetitionis
1157 1669 1266 1750 posita
1302 1689 1322 1732 a
1360 1669 1555 1734 Iabeschitis
1592 1689 1658 1733 non
1696 1679 1781 1734 sunt.

380 1781 472 1861 quod
502 1780 709 1863 requiritur3.
764 1780 921 1847 Ceterum
955 1780 1019 1844 hoc
1052 1779 1085 1841 in
1116 1779 1301 1860 praesentia
1335 1799 1400 1843 non
1438 1790 1562 1846 tracto:
1603 1782 1694 1863 quod
1732 1789 1782 1844 est

381 1891 515 1954 alterius
553 1892 618 1954 mei
656 1893 764 1975 operis
803 1892 856 1955 De
898 1890 1153 1956 condicionibus.
1226 1889 1434 1956 Gabaonitae
1475 1892 1611 1954 omnino
1652 1893 1782 1955 mentiti

382 2011 459 2065 sunt
486 2000 572 2066 male
581 2001 604 2067 ⁴.
651 2002 697 2066 Et
724 2002 771 2066 eis
798 2022 863 2066 non
891 2021 1025 2085 parcere
1052 2001 1224 2065 Israelitae
1250 2010 1437 2083 potuerunt,
1461 2003 1607 2067 mentitis
1633 2003 1666 2066 in
1690 2023 1784 2086 prae·

382 2112 479 2197 cipuo
505 2113 733 2177 conuentionis
759 2113 802 2178 de
828 2123 914 2178 terra
940 2134 1008 2191 sua,
1028 2123 1061 2177 et
1088 2113 1204 2176 foedus
1230 2113 1276 2176 sic
1301 2113 1491 2178 ineuntibus
1517 2134 1594 2178 curn
1617 2113 1783 2179 Israelitis.

383 2225 473 2288 Nam
496 2225 603 2290 dicere
627 2225 795 2289 Israelitae
817 2233 1005 2307 potuerunt,
1027 2245 1063 2287 se
1085 2223 1149 2287 illis
1171 2232 1302 2288 tanturn
1325 2225 1457 2300 iurasse,
1481 2246 1564 2307 quos
1587 2246 1659 2290 esse
1681 2228 1785 2290 credi-

384 2336 510 2414 derant,
529 2337 624 2399 etde
644 2335 794 2418 ipsismet
812 2344 1008 2416 acceperant
1030 2333 1257 2398 Gabaonitis⁶.
1304 2332 1349 2398 Et
1369 2356 1457 2399 error
1478 2335 1512 2398 in
1535 2356 1670 2421 corpore
1690 2338 1785 2401 uitiat

384 2457 589 2512 contractum
600 2447 620 2511 ³.
666 2445 713 2510 Et
738 2446 800 2510 iste
825 2445 1048 2509 Israelitarum
1071 2444 1167 2509 uitiat
1193 2454 1288 2510 tanto
1315 2447 1428 2528 magis,
1450 2457 1576 2529 quanto
1599 2458 1650 2512 est
1671 2447 1786 2512 fraude

384 2559 647 2624 Gabaonitarum
677 2558 850 2621 admissus.
897 2555 1028 2639 Regula
1055 2556 1240 2621 communis
1266 2566 1325 2635 est,
1349 2559 1602 2640 promissionem
1631 2559 1693 2624 sub
1720 2559 1786 2624 fide

384 2671 487 2735 salsae
504 2669 692 2734 assertionis
710 2669 812 2752 partis
835 2689 901 2731 non
920 2668 1066 2750 obligare
1076 2668 1100 2731 ⁷.
1147 2668 1193 2731 Et
1211 2676 1416 2733 contractum
1435 2669 1539 2734 uideri
1557 2671 1682 2734 facturn
1700 2678 1786 2734 tam·

384 2803 485 2865 quam
519 2801 594 2846 cum
628 2780 696 2862 tali.
758 2781 829 2844 Nec
863 2789 975 2844 tamen
1013 2779 1219 2861 displicuisse
1256 2779 1390 2844 uidetur
1420 2780 1493 2846 Deo
1524 2776 1565 2867 (si
1594 2781 1786 2864 Augustino

384 2891 503 2980 credis)
533 2892 709 2959 clementia
736 2891 982 2955 israelitarum:
1016 2890 1073 2972 qui
1098 2889 1294 2953 iurationem
1321 2901 1492 2955 seruarunt
1519 2893 1754 2957 mentientibus
1765 2891 1787 2956 ⁸.

386 3006 432 3070 Et
449 3005 657 3081 Ambrosius,
676 3004 750 3067 ‘Ne
768 3004 848 3067 dum
868 3001 1129 3066 Gabaonitarum
1149 3002 1250 3065 fidem
1269 3012 1420 3084 argueret
1440 3002 1544 3080 Iosue,
1565 3025 1659 3068 suam
1677 3003 1788 3068 laede·

384 3121 392 3149 ‘
409 3126 466 3182 ret.
497 3117 602 3182 uiliori
621 3126 734 3180 tamen
754 3115 934 3178 ministerio
951 3135 1007 3178 eos
1026 3113 1219 3177 multauit⁹.’
1265 3111 1321 3178 Sic
1337 3134 1443 3196 neque
1458 3124 1556 3197 pacta
1573 3117 1620 3179 eis
1635 3117 1788 3194 seruauit,

385 3229 412 3293 si
435 3249 492 3294 eos
515 3229 677 3293 multauit.
724 3227 769 3290 Et
792 3236 880 3290 certe
903 3225 1002 3289 Iosue
1025 3224 1067 3288 de
1091 3224 1196 3288 uiliori
1221 3225 1401 3289 ministerio
1425 3232 1502 3306 post
1526 3227 1674 3309 exponit,
1694 3227 1787 3310 quasi

385 3343 429 3406 de
452 3362 487 3405 re
512 3359 574 3405 nec
599 3338 837 3422 comprehensa
867 3338 901 3400 in
931 3337 1028 3420 priori
1052 3346 1159 3421 pacto.
1205 3337 1338 3419 ‘Quare
1362 3338 1537 3419 decepistis
1563 3336 1645 3402 nos?
1690 3340 1788 3403 Nunc

384 3459 486 3537 ‘ergo
511 3453 677 3517 maledicti
701 3452 789 3516 estis.
821 3470 927 3532 neque
950 3448 1080 3513 deficiet
1105 3469 1150 3512 ex
1174 3448 1269 3512 uobis
1293 3445 1422 3527 seruus,'
1446 3459 1508 3513 etc.
1564 3450 1789 3516 ‘Gabaonitas

384 3566 451 3630 ‘ob
478 3566 582 3642 dolos,
607 3575 640 3629 et
667 3565 801 3628 insidias
824 3562 966 3626 foederis
996 3561 1172 3642 impetrati,
1199 3561 1232 3622 in
1258 3561 1418 3641 aquarios,
1443 3561 1670 3644 lignariosque,
1695 3565 1789 3627 dam-

385 3673 520 3740 ‘nauit’
557 3677 604 3740 sic
638 3675 863 3756 Hieronymus
875 3671 907 3736 ¹⁰.
969 3671 1014 3734 Et
1048 3691 1155 3753 neque
1191 3672 1426 3747 iusiurandum,
1460 3681 1595 3754 propter
1627 3674 1717 3755 quod
1754 3695 1790 3738 se

385 3787 561 3852 adstrictos
583 3787 688 3851 teneri
711 3784 891 3849 censebant
916 3782 1093 3860 israelitae,
1116 3803 1193 3845 uere
1215 3778 1266 3866 (ut
1290 3781 1369 3844 mihi
1392 3779 1536 3867 uidetur)
1558 3783 1619 3845 hos
1645 3785 1790 3863 tenebat,

385 3906 420 3962 et
442 3898 618 3962 efficaciter
626 3895 659 3960 ¹¹.
693 3895 850 3978 quoniam
874 3893 907 3956 in
930 3893 1147 3975 promissione
1172 3911 1231 3974 per
1257 3890 1370 3954 dolum
1398 3901 1538 3970 extorta,
1562 3902 1597 3956 et
1618 3893 1705 3957 facta
1732 3915 1790 3976 per

386 4028 537 4086 errorem,
567 4005 648 4071 nihil
679 4015 833 4089 operatur
863 4003 1097 4080 iusiurandum,
1125 4022 1184 4066 nec
1215 4001 1348 4084 supplet
1378 4000 1544 4066 defectum
1569 4023 1746 4069 consensus
1756 4004 1791 4067 ¹².

385 4118 540 4203 quicquid
556 4119 658 4184 nostri
674 4117 776 4201 aliqui
791 4117 990 4180 contrarium
1006 4114 1127 4179 dicant.
1157 4115 1214 4197 qui
1230 4123 1264 4179 et
1283 4114 1465 4178 refutantur
1474 4113 1507 4178 ¹³.
1563 4116 1789 4181 Iuramentum

1001 4269 1130 4320 ¹1.Sam.
1145 4283 1182 4319 ιι.

475 4359 519 4411 ²1,
533 4358 768 4426 19.aepe.00.(o.
783 4353 910 4419 13.5);1.
926 4352 1183 4419 14.den0u.(D.46.
1197 4352 1342 4415 2l;Bar.l.
1357 4354 1698 4419 2.deoon.em.(D.18.1).

423 4443 506 4494 ³Soc,
521 4456 542 4506 5.
555 4457 621 4492 cons.
634 4442 675 4505 85.
773 4438 848 4487 ‘Ios
860 4453 884 4503 9.
967 4433 1078 4485 “Ball
1092 4435 1172 4498 15.de
1184 4435 1269 4501 adopt.
1283 4435 1328 4498 (D.
1344 4449 1365 4485 1.
1381 4437 1415 4498 7).
1495 4434 1763 4503 ·1.19.<1ec0n.em.

435 4524 519 4574 'Ale
532 4525 555 4574 8.
566 4540 634 4575 cons.
646 4538 670 4589 9.
771 4521 865 4584 'Aug
879 4521 929 4570 Ios.
941 4536 965 4585 q.
980 4532 1018 4582 13.
1117 4518 1233 4568 ’Amba
1245 4531 1269 4581 3.
1280 4518 1311 4569 de
1323 4517 1372 4567 Oli.
1387 4532 1425 4567 ro.
1523 4518 1542 4550 ²⁰
1560 4519 1630 4572 Hier.
1642 4521 1690 4586 Ep.
1704 4531 1742 4584 η.

485 4605 502 4636 ²¹
520 4606 569 4656 Ios.
581 4621 613 4671 93
630 4605 694 4658 lose.
707 4619 729 4668 5.
742 4605 801 4655 Ant.
816 4603 854 4653 16.
977 4599 998 4630 ¹²
1015 4601 1077 4651 Dec.
1091 4616 1159 4652 cons.
1174 4613 1230 4664 53²·
1243 4599 1307 4658 6oo;
1324 4600 1381 4651 Alc.
1393 4613 1416 4663 5.
1430 4601 1452 4650 8.
1467 4614 1527 4664 1353
1546 4601 1624 4668 Ceph.
1637 4603 1692 4666 642.

815 4685 835 4717 ¹⁸
851 4686 922 4737 Alex.
937 4699 959 4737 1.
971 4699 1039 4735 cons.
1051 4698 1083 4747 4²
1096 4683 1140 4733 ubi
1152 4683 1215 4732 Mol.
1228 4689 1253 4733 et
1265 4696 1288 4746 5.
1302 4696 1357 4747 133.
