4498 5566
467 733 510 798 30
955 721 1158 775 ALBERICI
1185 720 1385 774 GENTJLJS

467 967 591 1031 iuratur
617 967 659 1031 de
685 967 857 1032 calumnia.
915 968 981 1032 Cur
1006 968 1101 1032 aliter
1127 967 1314 1032 censebitur
1336 967 1369 1030 in
1396 967 1458 1030 hac
1485 965 1734 1049 disceptatione,
1754 974 1787 1028 et
1809 963 1868 1028 lite

466 1076 655 1143 armorum?
716 1079 842 1162 Utique
868 1079 1029 1158 Bartolus,
1056 1080 1189 1157 Baldus‚
1212 1078 1267 1143 alii
1293 1079 1336 1142 ab
1363 1078 1419 1143 illa
1443 1079 1560 1142 inermi
1587 1078 1799 1142 contentione
1825 1076 1867 1138 ad

467 1189 567 1253 istam
594 1199 764 1268 armatam,
790 1199 824 1254 et
850 1193 892 1256 ad
919 1191 1066 1255 duellum
1092 1199 1364 1273 argumentantur
1373 1190 1394 1255 ¹.
1438 1189 1539 1255 Latet
1562 1211 1638 1255 ecce
1664 1187 1869 1252 intenebris

467 1300 611 1384 aliquid:
642 1310 677 1366 et
699 1322 759 1365 nec
785 1302 988 1380 discernitur,
1007 1302 1087 1367 Titii
1114 1323 1157 1365 an
1177 1303 1229 1380 sit,
1247 1301 1300 1365 uel
1325 1301 1521 1384 Sempronii.
1567 1301 1709 1365 Etcum
1730 1308 1868 1381 uterque

467 1413 547 1476 illud
571 1414 615 1476 ad
636 1429 679 1476 se·
693 1413 831 1491 trahere,
850 1413 944 1478 alteri
968 1422 1105 1479 conatur
1126 1415 1265 1497 quisque
1287 1413 1501 1478 abstrahere:
1533 1423 1568 1476 tu
1591 1432 1704 1476 eorum
1727 1412 1867 1474 alterum

468 1523 645 1588 iniustitiae
674 1523 933 1590 condemnabis?
988 1524 1050 1588 Ait
1078 1525 1211 1602 Baldus‚
1235 1526 1324 1607 quod
1351 1534 1402 1588 est
1430 1523 1741 1600 manifestissimum,
1765 1519 1869 1585 nemi·

467 1655 543 1698 nem
559 1635 680 1700 debere
702 1637 752 1699 ius
766 1657 861 1701 suum
878 1637 1095 1701 indiscussum
1112 1637 1312 1720 relinquere:
1335 1645 1370 1700 at
1385 1637 1544 1700 tentanda
1560 1656 1640 1714 esse,
1652 1652 1868 1717 quaecunque

465 1748 586 1812 tentari
608 1757 747 1834 possunt
756 1747 779 1811 ².
824 1747 919 1831 Apte
943 1748 1058 1814 Cicero
1081 1768 1141 1830 Pro
1163 1748 1310 1831 partibus
1333 1749 1488 1830 utrisque,
1509 1748 1644 1811 Iulianis
1662 1755 1696 1810 et
1714 1744 1868 1826 Pompei·

465 1859 545 1936 anis,
572 1859 673 1924 ‘Erat
699 1858 881 1924 obscuritas
908 1860 1081 1950 quaedam,
1108 1869 1178 1924 erat
1209 1870 1374 1925 certamen
1404 1861 1491 1924 inter
1520 1858 1717 1924 clarissimos
1747 1858 1867 1921 duces:

466 1969 585 2034 ‘multi
603 1969 812 2047 dubitabant,
827 1971 906 2054 quid
925 1971 1089 2053 optimum
1108 1979 1215 2036 esset:
1239 1971 1343 2050 multi,
1359 1970 1438 2053 quid
1458 1970 1520 2033 sibi
1539 1970 1729 2052 expediret:
1762 1966 1867 2046 multi,

467 2080 568 2164 ‘quid
584 2081 735 2147 deceret:
760 2081 908 2146 nonnulli
925 2084 1033 2157 etiam,
1050 2083 1130 2166 quid
1147 2083 1258 2147 liceret
1268 2082 1299 2148 ³?
1344 2082 1390 2146 Et
1405 2083 1486 2146 haec
1502 2103 1610 2164 neque
1625 2100 1726 2164 parua
1742 2088 1793 2143 est
1808 2079 1867 2143 ob-

464 2194 610 2273 scuritas,
634 2194 661 2257 si
689 2194 769 2259 utile
795 2215 870 2258 cum
895 2193 1036 2259 honesto
1062 2203 1197 2278 pugnet,
1220 2195 1300 2277 quid
1331 2215 1392 2258 nos
1424 2195 1516 2276 sequi
1546 2201 1709 2275 oporteat.
1765 2191 1867 2257 Adde

398 2317 403 2328 ·
463 2304 515 2368 his
537 2304 594 2369 illa
617 2305 732 2370 Seueri
755 2316 870 2370 contra
892 2305 1064 2386 Albinum,
1083 2307 1186 2371 ‘Cum
1208 2306 1333 2370 bellum
1352 2306 1509 2370 aduersus
1532 2305 1674 2387 Nigrum
1696 2305 1868 2385 gessimus,

465 2419 553 2480 ‘non
576 2417 623 2480 ita
645 2437 724 2481 sane
746 2418 911 2500 speciosas
937 2418 1180 2483 inimicitiarum
1204 2439 1337 2482 caussas
1363 2417 1589 2483 habebamus:
1621 2436 1698 2479 nam
1720 2414 1866 2496 positum

464 2527 520 2590 ‘in
543 2528 653 2592 medio
673 2528 903 2611 principatum,
921 2538 1022 2611 atque
1044 2529 1153 2593 adhuc
1175 2529 1208 2592 in
1233 2530 1473 2612 disceptatione
1495 2536 1682 2592 uersantem
1706 2527 1777 2609 pari
1797 2545 1867 2590 am·

462 2638 557 2702 ‘bitu
577 2647 714 2720 uterque
735 2649 882 2704 nostrum
901 2641 943 2704 ad
962 2661 998 2703 se
1017 2638 1191 2719 trahebat,'
1211 2639 1293 2706 etc.⁴

507 2748 614 2814 Addo
643 2749 717 2814 illos
747 2749 801 2814 hic
831 2771 934 2828 casus,
957 2773 1058 2834 quum
1084 2752 1190 2830 sociis,
1213 2753 1335 2830 amicis,
1358 2751 1618 2833 consanguinem,
1640 2750 1763 2826 uicinis,
1786 2748 1866 2826 aliis,

464 2861 583 2944 quibus
615 2861 689 2944 quis
725 2860 887 2925 auxilium
921 2861 1002 2925 serre
1031 2870 1182 2927 tenetur:
1218 2872 1252 2927 et
1277 2883 1379 2945 quum
1405 2862 1468 2926 sert
1498 2870 1610 2926 tamen
1640 2859 1868 2944 prouocauerit

463 2993 556 3037 arma
584 2973 720 3037 alterius
742 2974 918 3037 aduersum
941 2995 977 3037 se
1000 2975 1093 3052 iuste,
1120 2976 1296 3039 aduersum
1319 2995 1417 3057 quem
1441 2975 1515 3038 tulit
1539 2975 1609 3056 ipse
1632 2993 1700 3036 sua.
1746 2971 1802 3036 Sic
1825 2972 1867 3036 de

466 3083 630 3149 Ceritibus
661 3083 783 3163 Liuius,
811 3085 900 3167 quod
934 3086 1156 3151 misericordia
1181 3086 1472 3169 consanguinitatis
1503 3084 1796 3167 Tarquiniensibus
1830 3105 1870 3146 se

464 3206 577 3260 contra
605 3195 777 3260 Romanos
796 3197 1030 3272 adiunxerint3
1054 3205 1097 3274 et,
1118 3207 1155 3263 ut
1174 3197 1300 3279 legatos
1321 3197 1467 3280 ipsorum
1485 3197 1634 3261 Ceritum
1654 3195 1732 3258 lacit
1750 3195 1867 3273 dicere,

465 3326 530 3370 non
546 3306 691 3386 consili0,
704 3307 763 3370 sed
775 3309 817 3385 ui,
829 3316 929 3389 atque
945 3308 1140 3373 necessitate
1150 3308 1172 3372 ⁶.
1207 3309 1252 3372 Et
1270 3308 1333 3373 hoc
1348 3308 1481 3372 tertium
1497 3308 1666 3390 quoddam
1683 3307 1744 3370 erit
1760 3315 1867 3389 caput,

463 3439 565 3500 quum
584 3439 628 3482 ex
643 3438 710 3482 una
727 3427 821 3501 parte
838 3416 963 3482 bellum
980 3419 1102 3483 iustum
1118 3429 1176 3499 est,
1193 3441 1237 3483 ex
1256 3420 1361 3485 altera
1384 3420 1484 3484 etiam
1504 3419 1618 3483 iustius
1634 3420 1722 3501 quod
1743 3417 1869 3482 scilicet

464 3549 536 3593 esse
551 3537 671 3612 potest,
687 3539 721 3594 et
736 3550 796 3594 nec
815 3530 937 3594 desinit
955 3550 1056 3594 unum
1073 3552 1144 3595 esse
1160 3532 1290 3611 iustum,
1306 3532 1382 3596 licet
1398 3533 1441 3596 sit
1455 3530 1595 3595 alterum
1614 3529 1720 3613 magis
1736 3530 1867 3593 iustum.

465 3641 642 3724 Recipiunt
665 3642 753 3706 enim
776 3641 914 3706 uirtutes
937 3643 1051 3724 magis,
1074 3653 1108 3706 et
1132 3643 1238 3707 minus
1250 3643 1271 3708 ⁰.
1317 3644 1363 3708 Et
1389 3643 1517 3707 uirtutis
1547 3643 1692 3706 medium
1723 3640 1868 3724 aliquam

462 3752 565 3818 habet
587 3751 805 3831 latitudinem,
830 3774 896 3816 non
919 3751 951 3816 in
972 3763 1095 3836 puncto
1118 3765 1273 3819 uersatur.
1324 3753 1521 3837 Aspergam,
1542 3763 1575 3818 et
1595 3755 1763 3818 adnotabo
1785 3753 1867 3816 alios

463 3867 619 3949 deinceps
635 3886 738 3944 casus,
754 3873 788 3930 et
803 3885 918 3929 causas
934 3864 1024 3930 alias.

509 3977 701 4043 Certissima
712 3987 823 4040 autem
837 3976 916 4039 mihi
927 3976 1009 4041 haec
1019 3978 1150 4042 uidetur
1162 3979 1239 4041 iuris
1252 3978 1354 4043 nostri
1366 3977 1545 4041 sententia:
1562 3977 1650 4058 quod
1663 3976 1777 4039 tribuit
1788 3974 1868 4038 belli

463 4087 532 4151 iura
550 4088 721 4172 utrinque:
752 4097 850 4170 capta
870 4088 950 4152 lacit
967 4088 1120 4170 utrinque
1141 4089 1361 4171 capientium:
1394 4098 1426 4151 et
1445 4088 1597 4169 utrinque
1619 4095 1734 4170 captos
1757 4105 1868 4149 seruos

463 4199 574 4263 habet.
619 4198 654 4261 A
668 4220 735 4281 quo
751 4200 818 4262 iure
834 4201 913 4263 dum
933 4220 968 4263 sc
986 4201 1150 4263 extricare
1169 4200 1282 4281 reliqui
1302 4207 1417 4262 contra
1434 4198 1463 4261 F
1464 4198 1628 4280 ulgosium
1648 4197 1867 4274 connituntur,

464 4310 629 4373 insaniunt
649 4309 738 4374 haud
762 4309 861 4373 dubie
883 4311 1035 4374 suauiter.
1082 4309 1131 4374 Ut
1154 4319 1321 4373 ostensum
1344 4310 1386 4373 ab
1405 4308 1540 4374 Alciato
1564 4320 1623 4388 est,
1641 4309 1698 4391 qui
1721 4319 1754 4372 et
1775 4307 1866 4372 illam

495 4565 504 4594 ¹
517 4564 573 4614 Alc.
584 4561 602 4612 l.
616 4575 638 4626 5.
650 4561 681 4610 de
694 4560 750 4610 iust.
763 4559 808 4622 (D.
824 4573 845 4609 1.
858 4561 883 4622 1)
892 4566 916 4608 et
930 4571 951 4619 5.
964 4574 1031 4608 cons.
1043 4557 1084 4622 ⁶3.
1161 4557 1171 4586 ¹
1183 4557 1238 4608 Bal.
1252 4571 1273 4607 1.
1284 4573 1353 4609 cous.
1366 4559 1422 4623 326.
1488 4561 1563 4611 ⁸Cic.
1576 4576 1622 4625 pro
1634 4559 1747 4610 Marcell.
1759 4576 1780 4609 c.
1795 4573 1832 4610 ιο.

578 4646 587 4675 ⁴
605 4658 628 4707 3.
642 4642 761 4693 Herodia.
774 4656 796 4691 c.
810 4643 848 4691 18.
1017 4640 1027 4669 ⁵
1043 4640 1098 4690 Liu.
1110 4640 1155 4691 lib.
1170 4653 1190 4703 7.
1204 4657 1225 4691 c.
1241 4655 1278 4690 20.
1423 4641 1432 4671 ⁸
1448 4642 1515 4692 Pice.
1528 4657 1552 4708 9.
1566 4643 1621 4692 Ciu.
1633 4641 1698 4692 Phil.
1711 4656 1725 4704 5
1729 4657 1752 4705 3.
