4498 5566
738 705 799 758 oa·
827 706 930 760 runa
960 707 1095 779 1111111,
1125 707 1204 764 ara.
1227 709 1251 779 1,
1283 708 1370 764 can
1393 711 1432 764 X.
1740 717 1782 786 43

385 947 583 1012 Iudaeorum
606 967 793 1031 synagogas
808 958 977 1012 narratur:
1005 948 1082 1031 quia
1101 969 1166 1012 non
1186 970 1244 1012 eae
1266 959 1373 1014 essent
1395 947 1617 1026 bacchanalia,
1632 958 1691 1013 aut
1706 969 1785 1013 con·

385 1058 551 1123 uenticula
566 1059 750 1123 turbandae
766 1060 849 1142 paci,
862 1070 897 1124 at
909 1060 1038 1125 scholas
1051 1060 1210 1125 uirtutum
1220 1060 1241 1124 ¹.
1288 1060 1397 1143 Saepe
1409 1061 1544 1144 quidem
1557 1059 1665 1124 solent
1680 1060 1785 1126 illiciti

385 1192 456 1236 esse
468 1181 581 1236 coetus
596 1173 658 1236 sub
670 1181 846 1254 praetextu
860 1172 1035 1255 religionis,
1046 1182 1080 1236 et
1091 1173 1333 1238 interdicendi2.
1362 1173 1533 1238 Coitiones
1544 1193 1605 1237 nec
1618 1173 1697 1237 satis
1709 1180 1787 1236 sunt

385 1292 487 1361 tutae,
509 1292 543 1346 et
559 1293 635 1347 sunt
657 1284 781 1347 uetitae
796 1305 927 1366 semper
936 1283 957 1348 ³.
992 1282 1059 1348 Sed
1079 1305 1180 1367 quum
1198 1293 1343 1368 apparet,
1361 1282 1442 1347 nihil
1464 1284 1532 1347 lieri
1548 1283 1616 1348 tale
1639 1305 1682 1347 ex
1699 1282 1786 1348 mala

385 1414 509 1472 caussa,
524 1404 631 1458 cessat
646 1394 702 1458 lex
717 1416 804 1478 quae
820 1396 971 1478 prohibet
980 1395 1002 1460 ⁴.
1034 1396 1080 1459 Et
1096 1397 1141 1459 sic
1158 1395 1326 1459 Adrianus
1341 1395 1468 1459 uoluit:
1492 1416 1551 1458 sua
1567 1395 1668 1460 coluit
1683 1416 1786 1472 sacra,

385 1504 493 1570 aliena
515 1507 715 1589 contempsit
724 1507 745 1571 ⁵.
792 1507 838 1571 Et
859 1508 905 1571 sic
928 1517 978 1572 est
997 1507 1136 1591 epistola
1161 1507 1273 1586 Marci,
1293 1516 1410 1571 uetans
1433 1506 1557 1570 turbari
1581 1505 1786 1572 Christianos

385 1618 445 1683 nisi
470 1619 526 1701 qui
556 1619 696 1683 conuicti
724 1629 833 1683 essent
867 1627 1012 1683 tentasse
1042 1619 1167 1701 aliquid
1198 1627 1312 1683 contra
1338 1618 1586 1702 rempublicam,
1618 1638 1678 1682 nec
1705 1619 1785 1700 quid

384 1750 485 1812 quam
504 1729 550 1793 eis
569 1729 764 1794 obiiceretur
781 1739 912 1812 praeter
929 1728 1120 1812 religionem
1140 1729 1315 1796 diuersam.
1361 1730 1407 1794 Et
1426 1730 1473 1794 sic
1493 1729 1624 1794 Iudaeis
1641 1729 1785 1794 seruauit

383 1841 554 1924 priuilegia
569 1840 766 1905 Alexander
782 1840 943 1906 Seuerus:
968 1840 1172 1907 Christianos
1189 1863 1268 1920 esse,
1284 1863 1400 1926 passus
1415 1851 1465 1906 est
1475 1843 1497 1906 ⁶.
1538 1841 1650 1906 Etiam
1665 1840 1785 1906 liberos

385 1974 456 2018 esse
487 1952 703 2029 Christianos,
728 1953 822 2016 iussit
846 1953 1008 2016 Traianus
1037 1963 1144 2027 antea,
1173 1954 1215 2018 de
1245 1963 1430 2017 nostrorum
1462 1953 1568 2016 isthac
1597 1952 1785 2017 innocentia

385 2067 522 2130 edoctus
544 2085 563 2127 a
587 2064 702 2130 Plinio.
748 2066 824 2128 Non
848 2063 948 2128 hodie
971 2064 1096 2141 Iudaei,
1113 2064 1300 2142 Christiani,
1319 2065 1466 2128 seruntur
1480 2065 1542 2127 sub
1560 2064 1700 2129 Turcico
1722 2065 1784 2128 im-

385 2179 476 2261 perio
496 2175 649 2260 publice?
692 2176 830 2251 Turcae,
855 2175 978 2254 Iudaei,
1003 2175 1128 2246 Graeci,
1154 2186 1187 2240 et
1213 2197 1405 2259 synagogae
1430 2175 1638 2254 Iudaeorum,
1662 2184 1696 2239 et
1720 2176 1785 2240 Ec·

385 2290 504 2355 clesiae
523 2289 724 2353 Graecorum
748 2287 896 2351 seruntur
919 2288 1020 2350 etiam
1043 2289 1104 2352 sub
1124 2287 1293 2351 Pontificis
1316 2287 1454 2370 imperio
1474 2286 1624 2363 Romani,
1644 2286 1783 2360 Romae,

385 2402 556 2466 Anconae.
602 2400 641 2463 In
656 2399 783 2481 templo
799 2399 886 2462 Petri
904 2398 1033 2462 Romae
1049 2397 1243 2476 Orientales,
1259 2407 1292 2462 et
1308 2398 1494 2478 Aethiopes
1511 2418 1572 2461 suo
1588 2417 1678 2461 more
1694 2417 1785 2461 sacra

385 2514 493 2578 facere
510 2513 607 2590 soliti,
626 2520 660 2574 et
678 2511 747 2574 aliti
767 2510 930 2573 sumtibus
950 2509 1149 2574 Pontificis⁷.
1195 2510 1262 2592 Ipsi
1282 2508 1463 2573 Lutherani
1483 2509 1583 2573 etiam
1606 2529 1681 2574 cum
1700 2507 1784 2590 pub·

385 2627 448 2690 lico
471 2624 630 2690 exercitio
652 2622 801 2686 seruntur
818 2622 850 2684 in
870 2621 1107 2704 principatibus
1130 2620 1197 2684 lere
1216 2620 1369 2684 omnibus
1388 2620 1444 2702 qui
1464 2620 1496 2682 in
1513 2619 1690 2684 Germania
1708 2627 1785 2683 sunt

384 2738 529 2802 familiae
542 2735 748 2800 Austriacae.
782 2733 827 2797 Et
843 2734 992 2797 diuersae
1007 2732 1181 2814 religiones
1198 2753 1299 2796 non-a
1315 2731 1393 2796 solis
1409 2731 1616 2811 Lutheranis,
1631 2732 1722 2814 quod
1738 2731 1785 2795 ait

385 2849 612 2926 Bellarminus,
643 2847 699 2910 sed
729 2846 829 2909 etiam
854 2865 874 2908 a
900 2843 1088 2917 Catholicis,
1113 2845 1202 2928 quod
1231 2843 1449 2908 Bellarminus
1473 2854 1581 2926 negat,
1605 2841 1784 2907 serunturl.

385 2964 464 3028 Non
486 2981 562 3026 cum
585 2980 650 3023 una
673 2956 830 3041 religione
852 2956 975 3020 uiuitur
997 2956 1031 3020 in
1054 2956 1134 3020 urbe
1156 2956 1321 3040 Augusta,
1343 2956 1538 3030 Ratisbona,
1559 2954 1785 3032 Francoiurto,

384 3075 457 3140 aliis
489 3073 599 3137 liberis
631 3070 828 3136 Germaniae
858 3068 1053 3132 ciuitatibus
1096 3067 1151 3132 Sic
1183 3067 1307 3145 Poloni,
1337 3067 1383 3132 sic
1415 3065 1573 3141 Heluetii,
1604 3065 1650 3129 sic
1681 3062 1782 3128 Rheti

377 3188 510 3251 uiuunt.
555 3185 602 3248 Et
624 3191 660 3246 tu
681 3181 767 3246 fallis
790 3201 858 3258 nos,
881 3188 940 3242 aut
962 3180 1032 3262 ipse
1055 3179 1184 3256 falleris,
1209 3179 1300 3243 Iuste
1324 3176 1425 3261 Lipsi,
1448 3177 1504 3259 qui
1527 3195 1636 3258 negas,
1660 3173 1693 3238 in
1716 3194 1783 3239 uno

384 3298 569 3382 principatu
596 3295 684 3377 apud
709 3291 892 3356 Germanos
916 3311 996 3366 esse,
1016 3290 1076 3354 nisi
1100 3311 1199 3354 unam
1222 3289 1412 3372 religionem
1422 3289 1444 3351 ⁹.
1490 3286 1580 3352 Sane
1600 3286 1702 3352 fertur
1721 3287 1783 3351 nisi

385 3432 450 3475 una
466 3431 486 3473 a
502 3407 707 3490 Principibus
724 3403 933 3468 Lutheranis,
980 3402 1026 3465 Et
1044 3402 1107 3466 hoc
1130 3423 1206 3465 uere
1229 3409 1342 3465 contra
1366 3399 1610 3466 Bellarminum.
1656 3400 1724 3466 Sed
1740 3400 1783 3464 ab

385 3521 569 3586 Austriacis
598 3519 701 3583 fertur
731 3517 830 3581 etiam
858 3513 1121 3596 Anabaptistica,
1147 3533 1213 3576 non
1247 3515 1347 3577 modo
1375 3512 1555 3589 Hussitica,
1581 3511 1783 3577 Lutherana.

384 3633 454 3699 Adi
491 3634 524 3696 in
563 3629 757 3706 Morauiam,
791 3625 994 3702 Bohemiam,
1025 3623 1169 3702 Stiriam,
1202 3624 1416 3705 Carinthiam,
1443 3623 1642 3701 Carniolam,
1677 3626 1783 3707 ipsam

385 3745 566 3810 Austriam.
611 3741 783 3805 Laudatur
800 3758 898 3820 porro
918 3735 1127 3801 Constantini
1146 3736 1300 3814 edictum,
1316 3757 1375 3818 per
1389 3737 1479 3818 quod
1498 3745 1630 3819 poterat
1645 3737 1783 3818 quisque

385 3878 502 3922 uacare
519 3856 593 3919 Deo
612 3852 794 3918 secundum
813 3869 906 3913 suam
925 3855 1058 3924 sectam,
1075 3846 1175 3910 etiam
1194 3855 1230 3910 ut
1247 3845 1292 3908 ad
1310 3846 1448 3910 alteram
1467 3847 1657 3928 religionem
1676 3855 1782 3910 trans·

385 3971 431 4035 ire
446 3965 596 4053 posset¹⁰.
620 3964 886 4043 Conuenisseque
901 3960 935 4024 id
948 3969 1136 4042 temporum
1148 3957 1387 4041 tranquillitati,
1399 3966 1436 4021 ut
1448 3965 1596 4039 potestas
1608 3958 1782 4041 unicuique

385 4092 469 4148 esset
498 4101 559 4165 pro
589 4099 638 4156 eo,
663 4085 764 4158 atque
794 4073 904 4151 uellet,
932 4070 1039 4136 colere
1065 4072 1214 4136 diuinum
1241 4090 1373 4134 numen.
1437 4068 1690 4132 Ualentinianus
1719 4067 1782 4134 hoc

473 4307 481 4336 ¹
493 4305 558 4356 Phil.
569 4305 601 4355 de
612 4305 700 4368 legat.
713 4303 750 4367 (p.
762 4302 843 4364 1035).
910 4298 948 4347 ²1.
962 4313 983 4349 1.
996 4297 1027 4346 de
1039 4302 1100 4346 extr.
1112 4313 1145 4346 cr.
1159 4296 1204 4360 (D.
1217 4305 1257 4359 47.
1271 4295 1327 4358 11);
1344 4294 1382 4345 l.1
1397 4295 1428 4345 de
1440 4293 1529 4358 colleg.
1541 4292 1586 4356 (D.
1599 4293 1639 4357 48.
1653 4295 1688 4354 1).

384 4393 394 4423 ¹
405 4391 502 4442 Manut.
514 4405 560 4456 pro
571 4389 627 4439 Sex.
637 4405 643 4446 ;
662 4388 737 4436 Asco.
745 4401 791 4451 pro
803 4385 879 4434 Corn.
935 4383 944 4412 ⁴
956 4381 1012 4430 Alc.
1022 4395 1119 4443 5.cons.
1132 4390 1186 4444 1ο7.
1241 4379 1250 4409 ⁸
1261 4379 1321 4429 Iust.
1332 4377 1422 4444 Apoi.;
1433 4377 1540 4442 Spartia.
1551 4395 1557 4438 ;
1570 4377 1636 4427 Call.
1645 4392 1667 4440 3.
1674 4376 1733 4428 bist
1743 4375 1783 4428 28.

466 4472 477 4503 ⁸
491 4472 607 4536 Iampr.;
630 4469 677 4518 Pli.
688 4468 733 4517 ult.
747 4466 819 4532 epist.
830 4477 870 4530 97,
883 4465 929 4530 98;
948 4462 1039 4513 Euseb.
1052 4477 1074 4525 3.
1089 4471 1126 4525 ²7·
1141 4476 1187 4526 333
1204 4462 1273 4513 Tert.
1286 4459 1361 4524 Apol.
1374 4473 1396 4523 5.
1510 4457 1520 4487 ²
1537 4460 1591 4509 Iou.
1603 4459 1647 4510 lib.
1662 4460 1700 4510 18.

401 4555 411 4585 ⁸
427 4555 517 4606 Bellar.
531 4566 553 4616 5.
566 4569 587 4604 c.
599 4568 640 4602 on.
652 4551 696 4602 lib.
710 4565 732 4614 3.
744 4565 766 4599 c.
781 4562 817 4614 19.
830 4553 855 4598 et
869 4548 906 4597 18.
979 4544 989 4574 ⁹
1006 4544 1073 4610 Lips.
1084 4544 1116 4595 de
1127 4545 1184 4594 Una
1195 4543 1277 4609 Relig.
1348 4541 1366 4574 ¹⁰
1384 4543 1458 4600 Zona
1470 4541 1528 4592 Nic.
1541 4542 1606 4592 Call.
1620 4552 1642 4606 7.
1653 4541 1713 4592 hist.
1725 4556 1766 4607 41.

382 4669 1785 4699 .....----————--—————-—-·-—-

1057 4750 1115 4802 Ga
