4522 5570
496 761 557 847 138
980 767 1183 824 Arsames
1208 768 1409 824 assumas

494 993 634 1094 entibus,
653 1015 714 1078 nisi
733 1014 935 1078 dedidissent
954 1015 1088 1079 urbem:
1113 1025 1146 1080 et
1165 1017 1276 1098 itaque
1295 1016 1327 1078 in
1347 1015 1494 1078 deditam
1514 1013 1655 1076 reditum
1674 1031 1862 1076 concessere
1871 1009 1891 1076 ¹.

495 1127 574 1190 Non
592 1127 673 1191 haec
691 1128 803 1190 dedita
822 1127 878 1190 illa
896 1146 981 1190 nunc
1000 1127 1085 1205 urbs,
1104 1128 1136 1190 in
1156 1148 1256 1209 quam
1277 1128 1419 1191 reditum
1440 1124 1698 1208 paciscebantur.
1745 1123 1892 1205 Improbi

495 1236 670 1316 Samnites,
692 1240 749 1320 qui
772 1246 847 1302 cuni
866 1237 1020 1302 hostibus
1044 1239 1132 1320 pacti
1151 1239 1193 1302 de
1217 1238 1326 1320 lapide
1349 1237 1496 1301 tollendo
1519 1255 1577 1318 per
1599 1235 1786 1298 uniuersum
1808 1235 1892 1297 muri

493 1348 664 1425 ambitum,
683 1349 729 1412 sic
748 1348 868 1412 tollunt
887 1369 907 1412 a
924 1358 1018 1430 parte
1037 1349 1169 1412 infima:
1201 1359 1233 1412 et
1252 1351 1363 1430 itaque
1382 1367 1512 1412 murum
1530 1347 1653 1410 tollunt
1672 1346 1860 1408 uniuersum
1869 1343 1894 1409 ².

493 1457 543 1524 At
562 1460 588 1524 si
608 1459 691 1543 lapis
709 1462 751 1525 de
773 1482 867 1524 muro
885 1460 956 1526 tolli
976 1461 1099 1539 debuit,
1119 1481 1230 1524 murus
1248 1461 1363 1543 utique
1383 1460 1454 1524 tolli
1476 1480 1541 1524 non
1560 1459 1683 1524 debuit.
1730 1457 1892 1539 Campani

493 1570 643 1653 improbi,
670 1573 726 1654 qui
756 1573 929 1638 dimidiam
959 1593 1126 1636 armorum
1158 1581 1285 1655 partem
1316 1570 1498 1654 relinquere
1527 1569 1678 1635 hostibus
1706 1570 1892 1634 habebant:

493 1702 586 1746 arma
607 1693 720 1748 autem
743 1684 855 1747 omnia
872 1684 1106 1762 dissecuerunt,
1125 1693 1158 1747 et
1179 1683 1394 1747 dissectorum
1412 1692 1542 1765 partem
1562 1683 1733 1746 dimidiam
1757 1681 1894 1764 relique-

493 1803 570 1857 runt
579 1792 601 1856 ³.
658 1793 704 1857 Et
735 1795 905 1876 improbus
934 1793 990 1857 ille
1020 1794 1142 1877 pariter
1172 1793 1353 1872 Romanus,
1375 1795 1431 1877 qui
1462 1814 1564 1857 naues
1594 1793 1697 1857 secuit
1723 1790 1894 1855 Antiocho

493 1926 618 1984 omnes,
643 1907 733 1990 quod
760 1907 932 1972 dimidiam
959 1915 1088 1989 partem
1114 1906 1248 1969 nauium
1275 1927 1319 1970 ex
1345 1907 1478 1971 foedere
1506 1905 1636 1970 tradere
1661 1925 1721 1968 rex
1748 1903 1892 1967 deberet.

496 2017 541 2082 Et
559 2020 788 2102 praestigiator
806 2019 975 2101 improbus
992 2019 1045 2083 hic
1061 2015 1197 2082 Ualerio
1212 2013 1362 2082 dicitur4.
1408 2018 1469 2082 Est
1484 2019 1572 2081 enim
1588 2038 1654 2080 non
1669 2017 1750 2080 haec
1766 2015 1892 2092 diuisio,

495 2131 554 2194 sed
576 2131 725 2194 omnium
747 2131 922 2214 corruptio.
954 2139 991 2194 ut
1014 2128 1101 2194 belle
1123 2128 1298 2208 Cascelius,
1316 2130 1467 2193 ‘Nauem
1490 2129 1516 2192 si
1538 2129 1667 2207 diuidis,
1686 2147 1746 2192 nec
1768 2135 1814 2206 tu,
1833 2147 1893 2190 nec

494 2242 625 2307 ‘socius
651 2241 816 2307 habebitis
828 2241 859 2307 ὅ]
917 2242 963 2306 Et
993 2241 1187 2324 interpretes
1213 2241 1246 2303 in
1274 2240 1362 2305 sacto
1389 2241 1525 2305 ridiculo
1555 2241 1625 2304 eius
1651 2239 1707 2322 qui
1738 2239 1784 2304 sic
1814 2239 1892 2302 item

496 2361 621 2416 emerat
638 2353 810 2418 dimidiam
822 2353 944 2416 ficuum
960 2363 1097 2435 partem,
1108 2362 1209 2434 atque
1228 2353 1354 2416 medios
1369 2352 1516 2434 singulos
1532 2351 1692 2415 uolebat⁰.
1723 2350 1769 2413 Et
1780 2349 1894 2414 Labeo

495 2473 529 2529 et
549 2464 692 2529 Sabinus
710 2465 799 2548 quod
818 2465 845 2527 si
865 2465 1098 2529 uestimentum
1117 2465 1254 2528 scissum
1274 2465 1437 2543 reddatur,
1453 2463 1507 2528 uel
1528 2484 1578 2528 res
1597 2472 1749 2545 corrupta
1768 2463 1895 2526 reddita

496 2576 547 2654 sit,
567 2595 617 2640 res
637 2576 753 2640 abesse
774 2577 925 2640 uideatur
934 2576 956 2641 ⁷.
986 2596 1071 2660 quae
1094 2585 1127 2639 et
1150 2576 1279 2653 Pedius,
1297 2585 1331 2639 et
1351 2575 1524 2656 Ulpianus,
1543 2585 1576 2638 et
1600 2573 1722 2637 Paulus
1744 2574 1895 2656 probant.
1929 2657 1931 2660 Ι

499 2686 643 2750 Romani
673 2707 782 2750 rursus
813 2688 963 2770 improbi,
989 2687 1045 2770 qui
1076 2687 1286 2769 spondentes,
1316 2686 1452 2750 liberam
1482 2687 1551 2751 sore
1582 2687 1826 2768 Carthaginem,
1853 2688 1895 2750 ad

499 2799 587 2862 ciues
610 2798 747 2862 uerbum
773 2799 968 2863 transtulere
991 2799 1185 2880 sponsionis,
1207 2779 1327 2881 quibus
1350 2797 1465 2862 ciuitas
1488 2808 1662 2874 constaret,
1686 2820 1751 2862 non
1776 2799 1898 2862 moeni·

497 2908 560 2970 bus
584 2915 617 2972 et
640 2908 805 2988 aedificiis,
823 2930 908 2991 quae
931 2909 1015 2974 dirui
1039 2909 1196 2972 iubebant
1205 2907 1227 2973 ⁸.
1285 2909 1358 2973 Etsi
1377 2911 1465 2973 enim
1485 2930 1525 2973 ea
1542 2911 1585 2973 sit
1607 2909 1791 2973 differentia
1810 2910 1897 2973 urbis

498 3027 532 3082 et
555 3019 706 3098 ciuitatis,
730 3021 820 3103 quod
843 3021 940 3083 ‘urbs
962 3019 1120 3095 aedificia,
1145 3021 1261 3084 ciuitas
1283 3019 1427 3084 incolae’
1450 3021 1554 3085 sint⁹z
1585 3029 1697 3086 tamen
1721 3031 1771 3086 est
1797 3021 1896 3085 inter-

498 3129 641 3212 pretatio
664 3131 771 3195 omnis
794 3131 924 3195 sinistra
948 3140 981 3194 et
1005 3139 1163 3194 extranea
1186 3153 1272 3214 quae
1296 3151 1362 3194 non
1385 3141 1545 3196 consonat
1567 3133 1699 3197 auribus
1721 3131 1832 3216 uulgi3
1861 3143 1897 3196 ut

498 3241 581 3305 haec
596 3241 754 3320 subtilior,
770 3252 804 3306 et
827 3241 976 3323 neglecta
999 3241 1122 3325 passim
1145 3262 1212 3306 non
1235 3251 1395 3307 consonat
1417 3243 1602 3308 differentia
1613 3243 1646 3308 ¹⁰.
1701 3245 1814 3310 Etiam
1838 3266 1898 3309 nec

499 3352 616 3417 ciuitas
637 3353 740 3416 libera
764 3352 964 3435 relinquitur,
983 3373 1069 3435 quae
1092 3352 1222 3416 iubetur
1244 3352 1309 3416 alio
1332 3353 1483 3434 migrare.
1528 3356 1640 3419 ‘Nihil
1663 3357 1758 3421 abest
1780 3377 1800 3420 a
1822 3376 1899 3439 cap-

500 3465 655 3528 ‘tiuitate
675 3465 775 3528 iussio
797 3464 840 3528 de
864 3463 1036 3546 migrando
1057 3464 1125 3527 suis
1147 3464 1279 3527 sedibus
1289 3461 1333 3528 ¹¹.’
1379 3463 1450 3528 Nec
1473 3465 1588 3529 ciuitas
1611 3467 1681 3530 sine
1704 3470 1792 3547 urbe,
1810 3469 1900 3532 aedi·

499 3577 581 3642 ficiis
611 3584 644 3640 et
674 3576 846 3640 moenibus
876 3585 927 3640 est
957 3575 990 3638 in
1020 3575 1140 3657 quibus
1167 3575 1271 3638 multa
1301 3574 1444 3640 ciuitatis
1474 3577 1558 3641 ratio
1585 3588 1643 3643 est.
1705 3579 1754 3643 Ut
1780 3580 1823 3642 de
1847 3577 1899 3641 his

500 3689 632 3772 explico
659 3689 730 3752 fuse
756 3687 844 3752 alibi.
898 3686 987 3752 Sane
1012 3697 1125 3751 autem
1152 3687 1185 3750 in
1212 3687 1358 3769 pluribus
1385 3689 1454 3752 eius
1481 3690 1567 3752 tertii
1595 3690 1673 3753 belli
1701 3690 1814 3754 Punici
1842 3691 1900 3754 uix

499 3801 585 3865 tueri
613 3800 784 3864 Romanos
811 3799 925 3883 possis.
982 3799 1130 3882 improbi
1153 3807 1188 3863 et
1215 3799 1247 3862 in
1275 3800 1421 3863 secundo
1448 3799 1494 3862 illi
1522 3800 1643 3865 milites
1670 3802 1822 3881 Romani,
1845 3805 1901 3886 qui

501 3911 589 3995 capti
604 3912 647 3976 ab
659 3911 839 3988 Annibale,
855 3921 888 3975 et
904 3911 950 3976 sic
964 3912 1098 3990 dimissi,
1115 3919 1160 3984 ut,
1177 3909 1204 3974 si
1221 3920 1353 3975 senatus
1368 3911 1517 3993 captiuos
1533 3932 1599 3976 non
1614 3923 1826 3996 permutaret,
1840 3914 1902 3996 ipsi

501 4024 544 4088 ad
561 4024 763 4088 Annibalem
780 4024 942 4089 redirent:
966 4032 1000 4087 et
1022 4023 1149 4087 solutos
1171 4043 1207 4086 se
1229 4023 1386 4106 religione
1405 4023 1567 4102 dicebant,
1583 4026 1764 4106 quodcum
1780 4026 1901 4107 egressi

500 4136 544 4200 ab
570 4134 738 4200 Annibale
765 4145 882 4212 essent,
909 4135 1137 4199 commentitio
1165 4133 1300 4198 consilio
1326 4136 1465 4216 regressi
1493 4136 1610 4200 eodem
1637 4137 1698 4214 die,
1725 4146 1759 4200 et
1789 4137 1901 4220 itaque

501 4248 639 4330 impleto
662 4246 868 4311 iureiurando
891 4247 933 4309 de
956 4247 1125 4311 redeundo
1148 4247 1213 4309 iam
1238 4245 1328 4309 nulla
1350 4246 1500 4311 obstricti
1523 4249 1716 4312 condicione
1734 4249 1900 4313 abiissent.

499 4380 592 4390 ..--

534 4437 676 4502 ¹Polyaen.
690 4451 711 4486 ι.
726 4450 749 4499 3.
815 4434 958 4498 'Polyaen
971 4434 995 4484 6.
1061 4434 1241 4498 ’Polyamn
1297 4436 1381 4487 ‘Vah
1394 4435 1462 4489 Max.
1476 4447 1497 4500 7.
1510 4454 1531 4489 c.
1545 4453 1567 4500 3.
1630 4438 1734 4489 ‘Maca
1750 4439 1834 4489 aSut.
1848 4439 1872 4488 6.

598 4520 674 4569 'Ius
687 4519 825 4569 Alc.l.1a.
839 4518 916 4581 13.si.
930 4531 977 4568 cer.
990 4531 1028 4581 pe.
1044 4515 1137 4580 (Dua.
1152 4517 1185 4579 1).
1354 4519 1803 4585 ⁷1.13.14.deU.s.(D.50.16).

567 4601 577 4632 ⁸
594 4604 661 4668 App.
673 4599 743 4651 Puni.
755 4618 774 4649 c.
791 4614 846 4662 130.
1051 4599 1060 4628 ⁰
1078 4599 1131 4649 Cic.
1145 4611 1167 4648 1.
1179 4598 1211 4649 de
1222 4599 1284 4666 Rep.
1298 4599 1345 4662 265
1363 4601 1417 4653 Bal.
1429 4603 1446 4651 1.
1459 4621 1482 4663 4.
1493 4603 1524 4653 de
1536 4601 1577 4652 oil.
1589 4617 1674 4668 proco.
1687 4603 1734 4668 (D.
1748 4618 1769 4654 1.
1784 4603 1834 4666 16).

795 4681 815 4714 ²¹
830 4681 909 4748 Ceph.
921 4697 989 4733 oons.
1000 4695 1040 4745 40.
1439 4683 1457 4712 ¹²
1473 4684 1606 4735 Cedrenus.
