4498 5566
725 748 786 802 DE
815 748 918 804 IURE
947 748 1079 816 BELLA
1111 748 1238 818 LIB.I,
1270 751 1358 806 CAP.
1383 752 1442 805 III.
1743 763 1782 832 19

383 981 546 1068 intelliges
568 985 611 1050 de
629 985 690 1064 his,
705 1005 791 1068 quae
813 985 848 1049 in
862 985 960 1050 tertio
983 986 1066 1051 libro
1089 987 1229 1052 scribam
1245 987 1288 1054 de
1309 1009 1391 1072 pace
1413 988 1521 1055 lutura
1544 991 1783 1058 constituenda.

383 1093 501 1178 Itaque
525 1095 695 1172 concludo,
722 1096 864 1180 quodsi
890 1098 1067 1161 necessitas
1093 1118 1159 1163 non
1186 1099 1298 1178 subsit,
1321 1099 1446 1163 bellum
1474 1121 1546 1165 esse
1573 1101 1695 1165 iustum
1723 1121 1783 1170 nec

382 1207 496 1289 possit.
540 1227 618 1271 nam
640 1227 684 1270 ex
707 1207 904 1272 necessitate
929 1207 1100 1273 inductum
1126 1207 1270 1273 dicitur¹.
1316 1209 1515 1275 Uoluntario
1545 1213 1783 1295 compromisso

382 1326 480 1382 antea
503 1328 553 1382 est
575 1319 838 1402 disceptandum,
854 1328 887 1384 et
906 1320 1033 1384 ratione
1056 1320 1194 1384 naturali
1204 1319 1225 1400 ²,
1240 1320 1362 1384 arbitra
1378 1321 1433 1386 illa
1449 1325 1499 1398 (ut
1519 1323 1624 1407 inquit
1641 1322 1783 1410 Seneca)

381 1429 552 1510 bonorum,
576 1440 677 1513 atque
701 1429 906 1495 malorum³r
934 1431 1035 1494 etiam
1056 1441 1089 1495 et
1111 1431 1184 1495 aliis
1206 1432 1395 1511 rationibus,
1417 1453 1503 1516 quae
1526 1443 1626 1498 antea
1649 1445 1784 1500 notatae

381 1549 467 1606 sunt.
512 1541 585 1605 Aut
604 1542 660 1624 qui
676 1542 709 1604 in
725 1541 881 1606 iudicium
904 1542 1034 1625 refugit,
1049 1543 1092 1607 de
1113 1543 1235 1608 iustitia
1250 1539 1380 1608 diffidit.
1425 1541 1549 1608 Priuati
1564 1567 1661 1629 porro
1675 1547 1783 1611 homi·

382 1674 448 1732 nes,
464 1663 499 1718 et
514 1654 628 1737 populi
649 1653 781 1732 subditi,
797 1663 831 1718 et
847 1653 1012 1738 Principes
1032 1653 1200 1718 inferiores
1221 1676 1288 1719 non
1312 1676 1386 1719 eam
1405 1656 1531 1720 habent
1552 1658 1782 1722 necessitatem

381 1785 526 1848 unquam
549 1767 592 1829 de
614 1766 764 1829 currendi
786 1765 829 1828 ad
853 1765 1010 1830 iudicium
1033 1765 1170 1832 Martis:
1204 1766 1260 1850 qui
1287 1767 1337 1830 ius
1365 1768 1518 1832 suumin
1546 1767 1666 1832 iudicio
1691 1769 1782 1851 apud

381 1878 580 1961 superiorem
606 1877 756 1960 persequi
782 1886 930 1959 possunt.
986 1876 1026 1941 In
1055 1877 1107 1942 his
1131 1879 1232 1944 etiam
1258 1887 1374 1944 contra
1399 1879 1664 1944 fundatissimam
1691 1879 1782 1944 illam

381 1987 528 2072 regulam
552 1989 598 2053 sic
622 1997 737 2052 tenent
758 1988 903 2070 quidam,
927 1988 1167 2053 restituendum
1190 1987 1377 2073 spoliatum,
1400 1990 1454 2054 uel
1481 1991 1507 2054 si
1534 1989 1713 2054 difficilima
1738 1991 1782 2056 sit

379 2101 490 2166 lutura
512 2110 629 2183 postea
651 2099 855 2182 recuperatio
878 2099 1093 2182 possessionis
1103 2098 1127 2162 ⁴.
1183 2101 1229 2166 Et
1252 2121 1357 2184 neque
1377 2103 1556 2167 auctoritas
1578 2102 1781 2184 priuatorum

381 2211 463 2276 haec
482 2221 540 2286 est,
557 2220 594 2274 ut
611 2211 739 2274 concire
762 2208 1009 2274 multitudinem
1025 2208 1159 2274 ualeant
1168 2209 1190 2275 ⁵.
1233 2209 1364 2293 ‘Siquis
1387 2212 1542 2293 priuatim
1562 2213 1632 2275 sine
1649 2210 1782 2294 publico

381 2325 489 2389 ‘scitu
518 2341 644 2406 pacem,
665 2321 832 2386 bellumue
862 2319 983 2399 lecen't,
1007 2321 1129 2403 capital
1154 2331 1226 2385 esto
1239 2319 1260 2386 :’
1292 2322 1367 2386 Lex
1396 2319 1543 2386 Platonis
1552 2323 1574 2386 ⁶.
1622 2323 1781 2386 Eiusdem

381 2435 505 2499 scilicet
523 2432 698 2517 potestatis
719 2442 771 2496 est
793 2431 976 2515 superioris,
990 2431 1115 2496 bellum
1139 2431 1254 2510 lacere,
1271 2442 1305 2497 et
1328 2453 1444 2516 pacem
1454 2431 1477 2498 ⁷.
1523 2432 1569 2496 Et
1590 2432 1647 2497 lex
1670 2434 1782 2516 itaque

383 2546 467 2610 lulia
496 2563 572 2608 eum
603 2543 786 2608 maiestatis
815 2551 915 2622 tenet,
936 2543 992 2625 qui
1022 2543 1145 2606 iniussu
1177 2539 1335 2627 Principis
1365 2543 1490 2607 bellum
1520 2544 1657 2626 gesserit
1666 2541 1689 2609 ⁸.
1735 2543 1782 2609 Et

381 2657 503 2723 dedere
518 2656 661 2721 eundem
676 2655 735 2735 his,
750 2655 806 2738 qui
821 2653 916 2737 petiti
935 2652 1023 2718 bello
1038 2661 1157 2732 essent,
1172 2661 1334 2736 oportere,
1352 2654 1497 2718 Romani
1512 2653 1752 2720 existimabant
1761 2655 1782 2720 ⁹.

383 2767 429 2832 Et
454 2769 500 2834 sic
527 2767 589 2832 sibi
616 2767 692 2832 dedi
715 2765 920 2830 Annibalem
943 2764 1077 2847 petiere.
1123 2763 1169 2827 Et
1193 2765 1239 2829 sic
1265 2764 1327 2828 sibi
1354 2765 1430 2829 dedi
1456 2765 1686 2848 Sampsonem,
1705 2764 1783 2829 Phi·

381 2879 487 2944 listaei
504 2875 664 2962 petunt¹⁰.
709 2877 755 2940 Et
771 2877 816 2941 sic
832 2875 926 2939 illum
942 2875 1070 2939 dedunt
1087 2874 1212 2939 Iudaei.
1257 2874 1374 2957 Atque
1388 2875 1470 2940 haec
1486 2875 1661 2959 explorata
1677 2886 1764 2942 sunt.

421 2989 585 3074 Quaestio
607 2977 664 3051 illa
686 2996 746 3066 est,
766 2988 793 3050 si
817 2987 980 3068 Princeps,
1000 2985 1055 3068 qui
1076 2985 1126 3049 ius
1142 2983 1244 3068 gladii
1260 2985 1369 3064 habet,
1386 2994 1420 3050 et
1436 3005 1571 3064 merum,
1586 2995 1620 3050 et
1637 2987 1781 3051 mixtum

381 3101 564 3185 imperium,
578 3099 694 3184 quales
716 3108 793 3162 sunt
815 3098 925 3162 Duces
948 3097 1117 3176 Mantuae,
1136 3097 1283 3171 Parmae
1304 3097 1473 3161 Ferrariae
1495 3098 1528 3161 in
1553 3097 1658 3176 Italia,
1676 3107 1711 3162 et
1735 3098 1782 3163 illi

382 3213 415 3276 in
439 3211 625 3289 Germania,
643 3211 746 3288 Saxo,
763 3209 1018 3286 Brunsuicensis,
1034 3207 1149 3291 reliqui
1173 3207 1349 3290 Principes,
1365 3217 1400 3272 et
1422 3208 1574 3273 ciuitates
1595 3209 1726 3288 liberae,
1741 3231 1783 3275 eo

381 3324 478 3390 titulo
500 3324 705 3407 superiorum
727 3322 852 3386 censeri
875 3321 907 3383 in
931 3320 1102 3404 proposito
1123 3317 1177 3384 hic
1199 3320 1345 3402 possint:
1368 3320 1526 3403 quoniam
1548 3319 1646 3399 leudi,
1661 3330 1695 3385 et
1714 3341 1784 3404 qua

382 3437 447 3502 alia
475 3437 603 3501 ratione
628 3432 829 3518 superiorem
856 3432 1043 3514 Principem
1067 3430 1204 3496 habent.
1249 3430 1343 3506 Dico,
1366 3452 1432 3514 qua
1458 3431 1523 3496 alia
1548 3432 1682 3508 ratione,
1705 3452 1783 3496 nam

382 3548 523 3614 Mantua
532 3545 556 3585 ¹¹
574 3543 734 3633 (exempli
756 3541 876 3631 gratia)
900 3565 965 3608 non
988 3551 1139 3607 censetur
1161 3541 1353 3626 simpliciter
1376 3543 1524 3608 subiecta
1550 3545 1697 3629 imperi0‚
1725 3547 1784 3610 sed

382 3659 551 3724 foederata
573 3679 632 3742 per
653 3656 769 3721 foedus
794 3654 1021 3720 Constantiae.
1067 3654 1118 3719 Ut
1140 3653 1295 3718 Alciatus
1318 3654 1440 3720 scribit.
1486 3654 1536 3719 Ut
1562 3656 1717 3741 idemque
1739 3657 1784 3721 sit

382 3771 425 3834 de
459 3769 586 3834 Parma.
642 3768 700 3832 Ad
731 3787 831 3850 quam
862 3775 957 3829 notat
986 3765 1042 3829 ille
1075 3773 1268 3848 praeterea;
1308 3766 1399 3848 quod
1437 3765 1498 3830 etsi
1536 3767 1702 3831 transierit
1739 3769 1782 3832 ad

384 3879 576 3958 Ecclesiam,
598 3887 734 3942 manent
760 3876 825 3940 illic
851 3885 964 3940 tamen
987 3884 1153 3939 reseruata
1180 3875 1338 3958 imperio:
1370 3876 1448 3939 item
1473 3884 1507 3940 et
1530 3887 1658 3941 ueteres
1684 3877 1783 3962 leges,

382 3993 559 4058 Caeterum
586 3990 649 4054 ista
675 3985 753 4052 facti
776 3987 926 4069 quaestio
952 3985 1139 4050 definienda
1164 3994 1214 4048 est
1241 4006 1284 4048 ex
1312 3995 1427 4049 tenore
1449 3986 1725 4066 inuestiturarum,
1748 3996 1783 4053 et

382 4105 600 4168 instrumento
630 4099 829 4176 libertatum,
858 4097 929 4160 siue
957 4094 1023 4160 alio
1053 4116 1120 4178 quo
1150 4093 1226 4158 iure.
1284 4094 1337 4158 De
1367 4115 1450 4177 pace
1482 4094 1707 4174 Constantiae,
1738 4118 1781 4162 an

382 4225 551 4301 perpetua,
574 4232 617 4277 an
639 4210 785 4276 tribuens
807 4207 995 4274 ciuitatibus
1013 4205 1076 4270 illis
1098 4205 1357 4271 iurisdictionem
1380 4205 1593 4290 imperialem,
1616 4208 1681 4273 alia
1704 4229 1783 4273 con-

611 4381 699 4431 ¹1nst.
713 4394 734 4431 1.
748 4393 770 4431 ι.
947 4376 1182 4444 muproecou.
1357 4375 1553 4443 ·sen.sp.os.

463 4468 472 4496 ⁶
489 4465 625 4520 Contende
637 4463 746 4514 Matrim.
760 4477 782 4513 r.
795 4477 816 4512 c.
829 4471 851 4525 7.
867 4465 879 4522 5
893 4473 917 4524 5.
1136 4458 1146 4486 ⁶
1162 4459 1230 4524 Aug.
1241 4459 1290 4510 Ios.
1302 4475 1327 4524 q.
1341 4473 1385 4517 ro;
1403 4459 1470 4524 Aqu.
1484 4475 1505 4511 2.
1517 4474 1541 4510 n.
1553 4477 1576 4527 q.
1589 4475 1629 4526 40.
1641 4475 1664 4511 a.
1678 4474 1699 4513 1.

642 4547 653 4576 ⁴
669 4545 734 4596 Plat.
745 4545 797 4595 Ult.
809 4544 841 4593 de
853 4543 922 4608 legi
932 4543 971 4608 (p.
982 4544 1052 4608 94²)·
1263 4539 1274 4570 ¹
1290 4537 1353 4591 Dec.
1365 4555 1388 4605 3.
1401 4555 1469 4592 cons.
1484 4556 1522 4592 no.

512 4631 522 4662 ⁸
538 4631 555 4681 l.
567 4645 590 4693 3.
601 4629 634 4679 ad
645 4628 662 4680 l.
674 4629 712 4678 Iu.
724 4627 782 4678 mai
795 4623 841 4688 (D.
852 4628 894 4690 48.
904 4627 942 4690 4).
1040 4624 1052 4656 l
1068 4622 1174 4689 Dionys.
1186 4621 1241 4674 Ecl.
1252 4623 1284 4674 de
1295 4623 1371 4690 Lem
1389 4623 1444 4674 Plu.
1456 4624 1523 4686 Cor,
1537 4623 1649 4676 catini.

712 4709 731 4739 ¹⁰
747 4710 803 4760 lud.
817 4721 855 4773 15.
1186 4704 1205 4738 ¹²
1222 4705 1315 4772 Alco.
1327 4721 1394 4757 eous.
1407 4721 1446 4769 33.

1052 4869 1114 4922 Μ
