4522 5570
474 757 535 826 152
956 744 1159 800 Arsames
1186 744 1386 798 canaram

473 991 598 1056 Ualeat
619 991 718 1072 igitur
741 988 864 1053 Baldus
885 987 949 1052 hic.
995 987 1141 1053 Ualeant
1163 1007 1298 1051 uenena.
1345 985 1498 1065 Ualeant,
1520 986 1587 1050 imo
1611 997 1747 1069 pereant
1770 1007 1869 1050 uene-

473 1100 526 1165 fici
552 1100 736 1165 bellatores.
792 1100 915 1165 Ualeat
941 1099 1042 1163 etiam
1069 1098 1181 1178 Solon,
1204 1100 1296 1164 cuius
1321 1107 1380 1166 aut
1410 1097 1546 1162 consilio
1571 1116 1678 1181 aquae
1706 1098 1869 1164 Cirrhaeis

473 1213 614 1276 iniectae
623 1210 643 1277 ¹.
688 1210 955 1294 Amphyctiones
969 1211 1112 1290 ualeant,
1127 1212 1216 1274 idem
1234 1219 1371 1293 agentes
1379 1209 1400 1275 ².
1444 1209 1626 1274 Florentini
1649 1210 1791 1288 ualeant,
1813 1210 1869 1292 qui

475 1323 657 1388 Henricum
688 1322 988 1405 Lucelburgensem
1022 1323 1253 1406 imperatorem
1287 1342 1415 1386 ueneno
1447 1322 1527 1386 dato
1560 1330 1787 1403 peremerunt:
1825 1341 1868 1383 an

472 1433 583 1498 nonl?
642 1435 710 1500 Sed
742 1436 951 1501 Uladislaum
983 1435 1150 1517 Ungariae
1182 1444 1216 1498 et
1249 1433 1410 1516 Neapolis
1441 1453 1562 1517 regem,
1593 1435 1625 1496 in
1659 1454 1716 1497 eos
1744 1431 1869 1497 bellum

472 1557 671 1627 mouentem,
701 1549 929 1631 procuratione
958 1549 1085 1612 amicae
1114 1547 1209 1626 illius,
1235 1546 1437 1611 sustulerunt
1467 1548 1510 1610 de
1540 1547 1659 1611 medio,
1716 1544 1869 1624 Ualeant,

471 1660 534 1723 etsi
560 1661 606 1725 sic
633 1661 789 1724 liberasse
812 1681 849 1723 se
874 1668 965 1722 metu
990 1668 1022 1723 et
1051 1658 1183 1723 Italiam
1209 1660 1385 1743 tyrannide
1414 1659 1573 1724 dicantur.
1618 1657 1738 1722 ‘Uinci
1768 1657 1870 1721 satius

470 1775 552 1850 ‘est,
569 1793 670 1854 quam
689 1771 778 1836 malo
796 1790 885 1834 more
903 1768 1066 1835 uincere:'
1099 1772 1230 1836 dicebat
1254 1770 1395 1835 Scaurus
1404 1768 1427 1835 ⁴.
1482 1769 1625 1852 Hispani
1648 1770 1789 1848 ualeant,
1812 1768 1868 1852 qui

470 1884 596 1949 obsessi
623 1883 765 1967 Neapoli
789 1904 809 1947 a
833 1882 944 1962 Gallis,
971 1891 1069 1947 nocte
1095 1883 1309 1965 egredientes,
1331 1890 1451 1965 puteos
1476 1881 1627 1946 hostibus
1649 1882 1868 1945 uenenabant.

470 2017 531 2060 nec
553 1995 632 2060 satis
652 1994 725 2073 hoc,
747 1996 887 2076 pistores
909 1995 998 2076 apud
1022 1993 1137 2058 Gallos
1159 2004 1380 2077 corruperunt,
1403 1994 1459 2076 qui
1481 2014 1625 2076 gypsum
1648 1993 1724 2076 pani
1747 1993 1869 2056 admis-

470 2107 614 2172 cerent⁵.
659 2107 771 2170 Etiam
793 2107 885 2189 gnari
909 2107 1015 2170 morbi
1037 2108 1115 2184 eius,
1135 2127 1217 2170 mox
1237 2105 1354 2171 Gallici
1373 2105 1560 2188 nuncupati,
1580 2115 1614 2169 et
1636 2105 1735 2169 etiam
1756 2113 1869 2170 conta·

469 2218 576 2303 gionis
594 2218 750 2296 eiusdem,
768 2217 854 2282 clam
872 2227 989 2295 scorta,
1004 2227 1037 2282 et
1054 2239 1092 2282 ea
1110 2217 1354 2295 formosissima,
1372 2219 1415 2281 de
1434 2218 1514 2281 urbe
1532 2217 1698 2294 miserunt,
1715 2236 1735 2279 a
1750 2217 1869 2299 quibus

470 2331 656 2395 inficeretur
678 2330 841 2394 exercitus
864 2328 1020 2394 Gallicus.
1067 2329 1122 2394 Sic
1145 2328 1323 2411 Fallopius,
1346 2329 1545 2393 clarissimus
1572 2329 1740 2392 medicus:
1778 2329 1870 2392 cuius

469 2449 566 2524 pater
591 2439 656 2504 illic
687 2440 851 2505 militauit.
899 2439 967 2504 Sed
998 2449 1031 2504 et
1060 2439 1307 2504 Guicciardinus
1333 2438 1455 2515 scribit,
1481 2439 1646 2521 pestilenti
1673 2440 1870 2521 contagione

470 2553 609 2617 iniectos
632 2551 755 2630 Gallos,
776 2552 902 2616 emissis
928 2552 962 2615 in
988 2552 1022 2615 id
1048 2552 1195 2616 studiose
1218 2552 1261 2615 ab
1286 2551 1446 2633 Hispan0,
1466 2551 1522 2633 qui
1549 2551 1615 2614 iam
1638 2551 1754 2615 morbo
1776 2560 1868 2614 tene·

470 2673 583 2726 rentur
591 2663 614 2725 ⁶.
660 2662 773 2726 Ionius
793 2663 908 2746 inquit,
924 2663 983 2726 uix
998 2663 1102 2726 uideri
1120 2662 1284 2741 credibile,
1300 2663 1390 2745 quod
1410 2663 1454 2726 de
1471 2661 1580 2745 puteis
1595 2681 1723 2725 ueneno
1741 2661 1869 2726 iniectis

469 2775 607 2856 quidam
629 2774 778 2838 serebant
786 2773 809 2838 ⁷.
855 2773 944 2838 Sane
966 2793 1032 2837 non
1055 2773 1163 2838 solens
1185 2795 1225 2838 ea
1246 2795 1328 2857 gens
1348 2773 1412 2837 ista
1428 2773 1543 2839 iacere.
1589 2772 1657 2838 Sed
1681 2773 1871 2838 incredibile

470 2886 522 2964 sit,
539 2887 617 2969 quia
639 2886 887 2950 iniustissimum
910 2887 961 2950 sit.
1007 2885 1107 2969 Quod
1130 2907 1189 2969 per
1211 2886 1266 2949 illa
1288 2887 1357 2969 egit
1378 2895 1504 2951 scorta:
1532 2895 1566 2950 et
1585 2885 1778 2949 ueneficium
1798 2885 1869 2963 suit,

470 3007 506 3061 et
528 2998 733 3062 seuerissime
755 2998 1095 3062 animaduertendum.
1149 2998 1195 3062 Et
1218 2998 1264 3062 sic
1287 2999 1380 3061 Deus
1403 2999 1473 3080 ipse
1494 2999 1586 3062 iubet
1609 3019 1686 3061 suos
1707 2997 1870 3061 hostiliter

471 3129 569 3191 agere
599 3129 673 3173 cum
701 3109 913 3173 Madianitis:
946 3110 1002 3192 qui
1033 3109 1330 3174 machinationibus
1357 3109 1409 3173 his
1439 3111 1489 3173 usi
1519 3119 1612 3173 erant
1621 3107 1645 3172 ⁸.
1699 3109 1797 3172 Nunc
1827 3110 1870 3174 de

471 3222 607 3286 uenenis
633 3242 838 3304 quaeramus,
864 3222 900 3301 si,
925 3222 1015 3305 quod
1042 3242 1142 3305 saepe
1167 3223 1294 3300 dicitur,
1321 3223 1485 3305 propinari
1512 3223 1640 3305 possint
1669 3224 1712 3286 ad
1743 3231 1868 3286 certum

469 3343 611 3415 tempus.
656 3332 814 3414 Regulus,
840 3333 886 3396 sic
910 3333 971 3396 sibi
1001 3333 1118 3397 datum
1144 3354 1165 3396 a
1192 3333 1526 3416 Carthaginiensibus,
1552 3334 1737 3397 affirmabat
1746 3334 1767 3398 ⁹.
1813 3331 1869 3397 Sic

469 3465 570 3528 saepe
591 3445 712 3508 timent
733 3445 866 3528 captiui.
912 3445 957 3508 Et
984 3445 1095 3526 magni
1121 3445 1248 3523 medici,
1274 3465 1341 3509 non
1368 3446 1542 3510 extricant.
1573 3447 1616 3510 de
1639 3454 1730 3509 certo
1757 3453 1869 3508 tamen

469 3567 619 3640 tempore
633 3565 759 3622 certum
777 3556 986 3639 respondent,
1002 3576 1073 3620 esse
1088 3557 1216 3621 fabulas
1231 3566 1265 3622 et
1283 3557 1439 3622 stultitias
1448 3555 1482 3623 ¹⁰.
1529 3557 1603 3621 Hoc
1619 3567 1652 3622 et
1670 3557 1724 3620 isti
1740 3557 1869 3635 docent,

469 3670 559 3751 quod
578 3668 689 3751 negari
707 3668 808 3732 audio
822 3689 843 3731 a
858 3667 1064 3751 quibusdam,
1079 3670 1148 3733 fieri
1166 3689 1270 3752 posse,
1287 3679 1325 3733 ut
1342 3669 1492 3752 sagittae,
1509 3667 1562 3732 uel
1580 3668 1647 3732 tela
1661 3667 1726 3733 alia
1741 3689 1868 3733 ueneno

469 3778 599 3858 iniecta,
622 3778 722 3843 etiam
744 3778 871 3862 globuli
893 3779 1139 3862 sclopettorum,
1162 3800 1325 3844 uenenare
1346 3780 1483 3862 possint.
1528 3779 1583 3844 De
1606 3789 1696 3843 certo
1718 3788 1869 3862 tempore

469 3891 584 3955 Iouius
606 3889 733 3970 alicubi,
755 3891 846 3974 quod
873 3891 992 3955 medici
1004 3889 1037 3955 ¹¹.

512 4000 568 4066 Ac
589 4003 632 4066 de
658 4003 794 4066 uenenis
820 4003 907 4068 satis.
954 4003 1000 4067 Et
1026 4003 1069 4067 de
1094 4003 1160 4068 alio
1185 4012 1298 4068 tamen
1321 4001 1480 4065 ueneficio
1507 4001 1661 4083 quodam,
1684 4000 1718 4065 id
1745 4010 1804 4080 est,
1826 4001 1869 4065 de

469 4112 748 4178 incantationibus
777 4122 811 4178 et
848 4115 984 4198 magicis
1014 4115 1139 4179 artibus
1169 4114 1293 4198 aliquid
1322 4122 1480 4196 superest,
1510 4133 1596 4196 quae
1634 4112 1667 4175 in
1703 4111 1870 4177 ueneficiis

469 4233 680 4306 reponuntur.
726 4225 771 4288 Et
801 4225 844 4289 de
867 4223 918 4291 his
947 4224 1047 4306 igitur
1070 4225 1159 4290 idem
1183 4225 1339 4288 iudicium
1372 4233 1431 4288 est.
1477 4224 1523 4287 Et
1552 4244 1573 4286 a
1602 4223 1719 4287 duellis
1749 4223 1870 4288 reiecta

475 4421 484 4452 ¹
502 4422 574 4471 Paus.
585 4420 630 4472 lib.
641 4418 686 4470 ult.
697 4435 720 4471 c.
734 4429 779 4483 373
797 4420 883 4470 Front.
896 4435 918 4484 3.
931 4436 952 4470 c.
968 4429 995 4482 73
1012 4420 1102 4472 Snida.
1213 4419 1223 4448 ²
1239 4420 1357 4484 Polyaen.
1369 4421 1412 4471 lib.
1426 4421 1451 4470 6.
1560 4420 1570 4450 ⁸
1587 4420 1690 4485 Egnat.;
1708 4419 1824 4470 Soander.
1837 4433 1860 4484 9.

534 4502 544 4532 ⁴
560 4502 661 4554 Sallust.
673 4503 727 4568 Iug.
739 4518 761 4553 c.
773 4501 814 4565 46.
963 4501 974 4532 ⁸
990 4503 1088 4568 Fallop.
1099 4502 1176 4567 praei.
1188 4501 1231 4554 lib.
1242 4503 1274 4552 de
1286 4503 1339 4553 Mo.
1351 4502 1419 4554 Gall.
1567 4502 1578 4532 ¹
1594 4501 1683 4552 Guicc.
1694 4501 1740 4552 lib.
1756 4515 1794 4566 19.

632 4583 642 4612 ⁷
660 4585 714 4634 Iou.
727 4584 771 4634 lib.
786 4582 824 4632 26.
1036 4583 1047 4614 ⁸
1062 4585 1140 4634 Num.
1154 4599 1192 4649 ²5·
1408 4585 1418 4615 ⁹
1435 4584 1500 4636 Gell.
1513 4584 1537 4634 ⁶.
1548 4601 1569 4634 c.
1580 4601 1610 4648 4;
1629 4585 1704 4634 Zona.

665 4665 684 4694 ¹⁰
700 4665 774 4717 Card.
789 4679 810 4713 a.
823 4667 908 4716 Contr.
922 4666 1030 4726 Medic,
1048 4682 1069 4716 a.
1081 4667 1113 4716 de
1124 4668 1170 4717 Ue.
1187 4680 1216 4716 10
1228 4673 1252 4716 et
1265 4681 1287 4730 3.
1299 4666 1329 4718 le.
1342 4683 1365 4730 4.
1529 4666 1546 4694 ¹¹
1563 4667 1617 4716 Iou.
1631 4680 1670 4730 34.
