4498 5566
464 683 507 769 38
950 691 1153 747 ALBERICI
1182 690 1383 746 GENTILIS

468 901 850 1000 EtiamLacedaemonii
867 936 951 1000 inter
966 936 1046 999 alias
1062 955 1192 999 caussas
1208 945 1321 1000 contra
1335 934 1567 1015 Athenienses
1585 935 1674 1018 quod
1691 932 1866 997 uiolatores

466 1047 661 1132 religionum
683 1046 826 1112 Athenis
848 1058 957 1112 essent
967 1047 988 1110 ¹.
1034 1047 1080 1110 Et
1104 1047 1330 1111 Athenienses
1353 1069 1397 1110 ex
1420 1048 1570 1126 aduersa
1588 1046 1678 1129 quod
1697 1044 1866 1109 Lacedae·

466 1159 567 1223 monii
598 1160 733 1223 eductos
763 1159 805 1222 de
835 1158 967 1240 templis
998 1157 1164 1240 supplices
1193 1158 1427 1222 obtruncarint.
1475 1157 1561 1224 Cum
1591 1157 1624 1220 id
1654 1178 1758 1240 genus
1784 1156 1866 1220 aliis.

466 1269 556 1334 Sane
578 1278 688 1334 tamen
711 1263 977 1334 auarissimorum
1000 1270 1151 1332 instituta
1169 1269 1232 1332 ista
1254 1268 1415 1349 dicuntur,
1435 1279 1469 1333 et
1492 1268 1713 1352 improbitatis
1738 1269 1867 1350 integu-

465 1391 578 1445 menta
587 1380 609 1445 ².
655 1381 727 1445 Nec
743 1380 844 1444 ullam
861 1402 933 1444 esse
951 1380 1141 1464 religionem
1159 1389 1229 1444 tam
1249 1380 1417 1457 nefariam,
1433 1402 1517 1464 quae
1535 1381 1646 1445 iubeat
1664 1381 1697 1443 in
1715 1379 1867 1443 homines

464 1493 614 1558 diuersae
636 1493 801 1576 religionis
822 1494 973 1576 grassari.
1020 1492 1246 1556 Ferdinandus
1270 1514 1338 1572 rex,
1360 1493 1417 1575 qui
1440 1492 1619 1557 catholicus
1642 1491 1729 1568 cluit,
1752 1511 1867 1555 omnes

464 1604 531 1669 sere
553 1625 629 1668 suas
651 1605 850 1688 cupiditates
868 1605 914 1669 sic
933 1603 1086 1669 obtexuit
1109 1603 1249 1669 honesto
1272 1603 1437 1686 religionis
1460 1603 1656 1668 uelamento
1704 1603 1752 1667 Ut
1775 1610 1868 1666 notat

466 1715 746 1781 Guicciardinus³.
792 1717 837 1780 Et
862 1716 1000 1781 Carolus
1021 1717 1207 1798 imperator,
1226 1716 1426 1780 Ferdinandi
1449 1737 1561 1798 nepos,
1582 1735 1648 1779 non
1671 1714 1736 1778 alio
1759 1713 1868 1778 colore

464 1828 663 1910 cupiditates
678 1829 835 1910 regnandi
852 1849 927 1892 suas
944 1828 1161 1893 adumbrauit.
1208 1828 1257 1892 Ut
1274 1829 1386 1891 Iouius
1402 1828 1531 1910 scripsit
1541 1825 1563 1892 ⁴.

508 1940 619 2004 Nemo
637 1950 748 2005 autem
767 1941 820 2003 hic
838 1940 971 2004 obiiciat
990 1939 1070 2003 mihi
1090 1939 1307 2004 Iustinianum
1329 1949 1499 2003 nostrum:
1530 1940 1584 2022 qui
1609 1948 1717 2002 narrat
1739 1937 1868 2018 alicubi,

465 2049 554 2114 bella
568 2071 589 2115 a
604 2072 640 2115 se
656 2061 810 2135 suscepta
827 2052 870 2122 ob
889 2052 974 2115 hanc
990 2071 1121 2114 causam
1137 2050 1303 2133 religionis
1314 2050 1335 2112 ⁵.
1382 2051 1492 2113 Nemo
1508 2050 1669 2133 Pipinum,
1686 2051 1741 2132 qui
1757 2051 1868 2114 omnia

464 2162 549 2244 pie†
566 2163 784 2246 magistratus,
807 2183 892 2244 quae
915 2163 1106 2245 ingratiam
1130 2171 1242 2244 ageret
1265 2160 1384 2242 Papae,
1405 2162 1594 2244 urebatque,
1617 2162 1867 2246 uastabatque⁶.

465 2274 575 2337 Nemo
590 2274 681 2338 alios.
727 2272 851 2338 ‘Suum
867 2275 1007 2358 quisque
1022 2273 1145 2338 bellum
1165 2293 1294 2337 sacrum
1309 2273 1485 2355 praedicat.
1509 2273 1622 2337 hostes
1637 2275 1776 2358 quisque
1791 2293 1868 2336 suos

466 2385 607 2468 ‘impios
630 2385 770 2450 dictitat.
798 2408 891 2452 suam
910 2387 1049 2470 quisque
1067 2405 1217 2450 caussam
1236 2394 1385 2448 sanctam
1404 2385 1565 2450 nominat.
1595 2386 1627 2448 in
1645 2407 1701 2450 ore
1720 2386 1867 2449 omniurn

464 2498 647 2575 ‘sanctum
670 2498 827 2581 piumque
849 2506 1006 2561 uersatur.
1040 2496 1186 2573 consilio,
1213 2504 1342 2575 conatu,
1365 2495 1477 2560 animo
1504 2515 1597 2560 secus
1620 2497 1768 2560 efficitur.
1815 2497 1868 2560 De

467 2610 475 2638 ‘
490 2606 677 2671 mortalium
690 2609 758 2670 iure
770 2629 820 2671 res
832 2617 890 2672 est.
923 2607 975 2671 Ea
987 2608 1209 2671 controuersia
1224 2607 1368 2686 tollatur,
1380 2606 1470 2671 nulla
1486 2608 1546 2670 erit
1562 2627 1727 2672 armorum
1743 2629 1867 2673 caussa.

465 2721 473 2749 ‘
489 2718 587 2781 Nunc
602 2717 682 2780 nulli
698 2718 821 2783 nefario
836 2718 950 2784 sceleri
966 2739 1032 2782 non
1044 2717 1271 2802 praetenditur
1281 2737 1403 2781 nomen
1419 2718 1561 2800 pietatis.
1592 2718 1715 2784 Sacrae
1730 2719 1867 2784 militiae

465 2831 474 2861 ‘
490 2849 611 2892 nomen
627 2829 767 2893 adhaec
785 2829 893 2908 arma,’
909 2830 1027 2912 quibus
1043 2830 1167 2913 petitur
1182 2850 1241 2893 rex
1258 2829 1499 2912 Neapolitanus
1515 2851 1536 2893 a
1551 2830 1659 2912 Papa,’
1683 2828 1867 2917 (miserum)

465 2936 649 3004 ‘recidat’
695 2940 811 3020 Multa¹
831 2950 865 3005 et
887 2962 986 3024 saepe
1008 2941 1054 3005 sic
1077 2941 1216 3024 scriptor
1238 2942 1415 3005 maximus.
1462 2941 1573 3005 Etiam
1590 2941 1763 3006 Iustiniani
1779 2942 1868 3008 sacta

464 3052 596 3116 luerunt
626 3051 669 3115 ad
700 3071 776 3115 suos
806 3051 1031 3116 defendendos
1056 3061 1115 3116 aut
1139 3074 1159 3116 a
1186 3053 1292 3116 Persis
1324 3051 1513 3132 idololatris,
1537 3061 1595 3117 aut
1625 3054 1668 3117 ab
1693 3053 1866 3119 haereticis

464 3161 593 3242 Gothis,
604 3162 817 3226 Vandilisue:
842 3164 897 3246 qui
913 3162 966 3227 uel
981 3173 1184 3246 occuparunt
1199 3165 1241 3228 de
1257 3164 1394 3246 imperio
1411 3163 1584 3228 Romano:
1608 3165 1661 3228 uel
1681 3166 1713 3227 in
1729 3166 1866 3249 imperio

463 3273 609 3356 affligere
626 3273 778 3337 subditos
800 3274 974 3338 Iustiniani
996 3274 1164 3340 uolebant.
1211 3274 1323 3339 Etiam
1342 3277 1385 3339 ad
1405 3275 1632 3340 defendendos
1651 3274 1865 3356 Christianos,

464 3385 634 3448 Persaram
650 3385 807 3463 subditos,
824 3395 857 3449 et
875 3407 895 3449 a
914 3385 1020 3450 Persis
1038 3395 1174 3469 propter
1192 3385 1383 3468 religionem
1402 3395 1561 3451 tractatos
1578 3387 1673 3464 male,
1690 3389 1717 3451 si
1735 3389 1866 3453 Iustini-

463 3497 518 3559 ani
536 3505 614 3560 sunt
636 3495 733 3572 sacta,
753 3497 828 3560 dico
847 3497 916 3574 tibi,
932 3496 1074 3561 docente
1090 3497 1300 3571 Couarruuia‚
1317 3498 1419 3561 iustas
1434 3498 1494 3561 has
1513 3518 1645 3562 caussas
1661 3520 1733 3563 esse
1741 3497 1764 3564 ⁸.
1810 3499 1866 3564 Sic

464 3615 498 3670 et
513 3606 600 3670 bella
616 3608 825 3685 Francorum,
841 3616 874 3670 et
892 3606 1031 3671 aliorum
1051 3608 1204 3692 Europae
1223 3608 1421 3691 probantur:
1446 3629 1531 3690 quae
1549 3620 1691 3674 uexatos
1709 3632 1730 3674 a
1747 3611 1866 3676 Turcis

462 3717 682 3797 subleuarent‚
698 3729 731 3783 et
749 3716 871 3783 Christi
887 3718 1019 3782 iniurias
1035 3718 1275 3784 ulciscerentur.
1322 3718 1390 3783 Sed
1408 3720 1490 3784 haec
1510 3720 1577 3784 alia
1591 3723 1742 3805 quaestio
1758 3730 1808 3786 est
1823 3724 1866 3786 de

461 3828 661 3908 defensione,
673 3850 773 3911 quam
789 3839 905 3912 postea
923 3831 1130 3895 examinabo.
1162 3832 1259 3896 Nunc
1275 3830 1331 3895 illa
1348 3841 1407 3907 est,
1420 3831 1446 3894 si
1463 3852 1529 3896 uno
1546 3832 1711 3914 religionis
1726 3834 1866 3897 obtentu

462 3940 586 4004 bellum
609 3939 718 4004 inferri
741 3942 856 4024 possit.
902 3941 947 4006 Et
967 3943 1030 4007 hoc
1053 3964 1147 4026 nego,
1171 3953 1204 4007 et
1222 3943 1311 4007 addo
1335 3943 1517 4007 rationem:
1540 3944 1618 4025 quia
1634 3943 1800 4026 religionis
1816 3943 1866 4006 ius

462 4050 649 4115 hominibus
664 4072 739 4116 cum
755 4053 943 4117 hominibus
959 4056 1089 4138 proprie
1104 4075 1170 4118 non
1186 4065 1255 4119 est:
1271 4055 1384 4137 itaque
1400 4074 1460 4118 nec
1475 4055 1525 4117 ius
1541 4054 1682 4119 laeditur
1693 4054 1866 4119 hominum

462 4161 505 4224 ob
522 4162 685 4226 diuersam
700 4162 912 4246 religionem:
935 4165 1047 4248 itaque
1063 4186 1122 4230 nec
1137 4165 1261 4229 bellum
1278 4187 1393 4230 caussa
1409 4165 1585 4247 religionis
1632 4164 1764 4248 Religio
1787 4186 1865 4248 erga

528 4411 538 4440 ¹
553 4411 633 4462 Thuc.
644 4411 689 4462 lib.
703 4426 724 4463 1.
736 4429 757 4463 c.
773 4411 827 4462 126.
942 4413 952 4441 ²
968 4413 1017 4465 Na.
1030 4413 1077 4465 Co.
1089 4413 1132 4464 lib.
1147 4426 1167 4464 1.
1289 4415 1298 4444 ³
1315 4413 1496 4466 Gnic.lib.12.
1613 4414 1622 4443 ⁴
1638 4415 1692 4465 lou.
1704 4414 1748 4465 lib.
1762 4429 1800 4476 30.

477 4492 623 4558 ⁸Nou.78.
707 4495 762 4546 ⁶P.
775 4497 848 4544 Aeni.
861 4495 904 4544 lib.
920 4510 941 4544 2.
954 4513 976 4546 c.
989 4510 1028 4559 ³²·
1105 4493 1349 4559 'P.Aem.6.7.8.
1433 4497 1850 4563 'Couar.Reg.Pec.p.r.§1o.
