<?xml version="1.0" encoding="UTF-8"?>
<!DOCTYPE html PUBLIC "-//W3C//DTD XHTML 1.0 Transitional//EN"
    "http://www.w3.org/TR/xhtml1/DTD/xhtml1-transitional.dtd">
<html xmlns="http://www.w3.org/1999/xhtml" xml:lang="en" lang="en">
 <head>
  <title>
</title>
<meta http-equiv="Content-Type" content="text/html;charset=utf-8" />
  <meta name='ocr-system' content='tesseract 3.04.00' />
  <meta name='ocr-capabilities' content='ocr_page ocr_carea ocr_par ocr_line ocrx_word'/>
</head>
<body>
  <div class='ocr_page' id='page_1' title='image "albericigentili00gentgoog_0078.png"; bbox 0 0 4498 5566; ppageno 0'>
   <div class='ocr_carea' id='block_1_1' title="bbox 469 713 1390 793">
    <p class='ocr_par' dir='ltr' id='par_1_1' title="bbox 469 713 1390 793">
     <span class='ocr_line' id='line_1_1' title="bbox 469 713 1390 793; baseline 0.001 -18"><span class='ocrx_word' id='word_1_1' title='bbox 469 713 514 793; x_wconf 91' lang='lat'>46</span> <span class='ocrx_word' id='word_1_2' title='bbox 958 725 1162 778; x_wconf 80' lang='lat' dir='ltr'>ALBERICI</span> <span class='ocrx_word' id='word_1_3' title='bbox 1190 724 1390 779; x_wconf 87' lang='lat' dir='ltr'><em>GENTILIS</em></span> 
     </span>
    </p>
   </div>
   <div class='ocr_carea' id='block_1_2' title="bbox 471 964 1876 3829">
    <p class='ocr_par' dir='ltr' id='par_1_2' title="bbox 471 964 1876 3829">
     <span class='ocr_line' id='line_1_2' title="bbox 473 964 1871 1053; baseline 0.005 -25"><span class='ocrx_word' id='word_1_4' title='bbox 473 964 549 1030; x_wconf 92' lang='lat' dir='ltr'>Hoc</span> <span class='ocrx_word' id='word_1_5' title='bbox 572 966 716 1048; x_wconf 85' lang='lat' dir='ltr'>primum</span> <span class='ocrx_word' id='word_1_6' title='bbox 733 965 890 1050; x_wconf 86' lang='lat' dir='ltr'>Augusto</span> <span class='ocrx_word' id='word_1_7' title='bbox 909 966 1086 1049; x_wconf 91' lang='lat' dir='ltr'>prouisum,</span> <span class='ocrx_word' id='word_1_8' title='bbox 1102 977 1136 1031; x_wconf 93' lang='lat' dir='ltr'>et</span> <span class='ocrx_word' id='word_1_9' title='bbox 1151 967 1293 1047; x_wconf 90' lang='lat' dir='ltr'>Tiberio,</span> <span class='ocrx_word' id='word_1_10' title='bbox 1309 989 1351 1031; x_wconf 92' lang='lat' dir='ltr'>ne</span> <span class='ocrx_word' id='word_1_11' title='bbox 1369 968 1442 1051; x_wconf 93' lang='lat' dir='ltr'>quis</span> <span class='ocrx_word' id='word_1_12' title='bbox 1460 978 1600 1048; x_wconf 90' lang='lat' dir='ltr'>senator,</span> <span class='ocrx_word' id='word_1_13' title='bbox 1615 969 1649 1034; x_wconf 92' lang='lat' dir='ltr'>id</span> <span class='ocrx_word' id='word_1_14' title='bbox 1669 979 1727 1048; x_wconf 88' lang='lat' dir='ltr'>est,</span> <span class='ocrx_word' id='word_1_15' title='bbox 1743 979 1871 1053; x_wconf 90' lang='lat' dir='ltr'>potens,</span> 
     </span>
     <span class='ocr_line' id='line_1_3' title="bbox 473 1077 1870 1164; baseline 0.005 -24"><span class='ocrx_word' id='word_1_16' title='bbox 473 1086 507 1141; x_wconf 92' lang='lat' dir='ltr'>et</span> <span class='ocrx_word' id='word_1_17' title='bbox 522 1077 654 1142; x_wconf 91' lang='lat' dir='ltr'>illustris</span> <span class='ocrx_word' id='word_1_18' title='bbox 669 1079 719 1142; x_wconf 92' lang='lat' dir='ltr'>uir</span> <span class='ocrx_word' id='word_1_19' title='bbox 737 1079 898 1162; x_wconf 84' lang='lat' dir='ltr'>Aegypto</span> <span class='ocrx_word' id='word_1_20' title='bbox 913 1089 1088 1162; x_wconf 81' lang='lat' dir='ltr'><strong>praeesset,</strong></span> <span class='ocrx_word' id='word_1_21' title='bbox 1103 1088 1161 1144; x_wconf 90' lang='lat' dir='ltr'>aut</span> <span class='ocrx_word' id='word_1_22' title='bbox 1176 1080 1277 1144; x_wconf 90' lang='lat' dir='ltr'>etiam</span> <span class='ocrx_word' id='word_1_23' title='bbox 1293 1080 1490 1164; x_wconf 88' lang='lat' dir='ltr'>Aegyptum</span> <span class='ocrx_word' id='word_1_24' title='bbox 1506 1082 1612 1145; x_wconf 90' lang='lat' dir='ltr'>adiret</span> <span class='ocrx_word' id='word_1_25' title='bbox 1622 1080 1642 1145; x_wconf 84' lang='lat'>¹.</span> <span class='ocrx_word' id='word_1_26' title='bbox 1688 1081 1777 1146; x_wconf 92' lang='lat' dir='ltr'>Sane</span> <span class='ocrx_word' id='word_1_27' title='bbox 1792 1103 1870 1147; x_wconf 91' lang='lat' dir='ltr'>uero</span> 
     </span>
     <span class='ocr_line' id='line_1_4' title="bbox 472 1188 1872 1276; baseline 0.004 -24"><span class='ocrx_word' id='word_1_28' title='bbox 472 1198 507 1253; x_wconf 92' lang='lat' dir='ltr'>et</span> <span class='ocrx_word' id='word_1_29' title='bbox 519 1188 624 1253; x_wconf 90' lang='lat' dir='ltr'>Gallis</span> <span class='ocrx_word' id='word_1_30' title='bbox 640 1189 785 1255; x_wconf 92' lang='lat' dir='ltr'>tribuunt</span> <span class='ocrx_word' id='word_1_31' title='bbox 801 1190 1021 1255; x_wconf 86' lang='lat' dir='ltr'><strong>mobilitatem</strong></span> <span class='ocrx_word' id='word_1_32' title='bbox 1037 1199 1071 1255; x_wconf 86' lang='lat' dir='ltr'>et</span> <span class='ocrx_word' id='word_1_33' title='bbox 1086 1190 1256 1255; x_wconf 90' lang='lat' dir='ltr'>leuitatem</span> <span class='ocrx_word' id='word_1_34' title='bbox 1272 1201 1399 1256; x_wconf 88' lang='lat' dir='ltr'>ueteres</span> <span class='ocrx_word' id='word_1_35' title='bbox 1415 1212 1538 1271; x_wconf 87' lang='lat' dir='ltr'>omnes,</span> <span class='ocrx_word' id='word_1_36' title='bbox 1554 1201 1588 1257; x_wconf 91' lang='lat' dir='ltr'>et</span> <span class='ocrx_word' id='word_1_37' title='bbox 1603 1195 1680 1257; x_wconf 89' lang='lat' dir='ltr'>noui</span> <span class='ocrx_word' id='word_1_38' title='bbox 1696 1194 1872 1276; x_wconf 84' lang='lat' dir='ltr'>scriptores</span> 
     </span>
     <span class='ocr_line' id='line_1_5' title="bbox 473 1299 1871 1388; baseline 0.003 -24"><span class='ocrx_word' id='word_1_39' title='bbox 473 1321 589 1380; x_wconf 90' lang='lat' dir='ltr'>rerum,</span> <span class='ocrx_word' id='word_1_40' title='bbox 605 1299 843 1384; x_wconf 90' lang='lat' dir='ltr'>bellicososque</span> <span class='ocrx_word' id='word_1_41' title='bbox 865 1323 921 1366; x_wconf 90' lang='lat' dir='ltr'>eos</span> <span class='ocrx_word' id='word_1_42' title='bbox 945 1323 1024 1380; x_wconf 91' lang='lat' dir='ltr'>esse,</span> <span class='ocrx_word' id='word_1_43' title='bbox 1044 1313 1077 1366; x_wconf 93' lang='lat' dir='ltr'>et</span> <span class='ocrx_word' id='word_1_44' title='bbox 1099 1302 1142 1366; x_wconf 92' lang='lat' dir='ltr'>ad</span> <span class='ocrx_word' id='word_1_45' title='bbox 1164 1302 1289 1367; x_wconf 91' lang='lat' dir='ltr'>bellum</span> <span class='ocrx_word' id='word_1_46' title='bbox 1310 1303 1483 1384; x_wconf 86' lang='lat' dir='ltr'>mobiliter,</span> <span class='ocrx_word' id='word_1_47' title='bbox 1502 1304 1714 1388; x_wconf 88' lang='lat' dir='ltr'>celeriterque</span> <span class='ocrx_word' id='word_1_48' title='bbox 1733 1306 1871 1370; x_wconf 90' lang='lat' dir='ltr'>excitari</span> 
     </span>
     <span class='ocr_line' id='line_1_6' title="bbox 473 1415 1872 1500; baseline 0.004 -24"><span class='ocrx_word' id='word_1_49' title='bbox 473 1420 718 1478; x_wconf 88' lang='lat' dir='ltr'>contestantur:</span> <span class='ocrx_word' id='word_1_50' title='bbox 751 1423 784 1476; x_wconf 89' lang='lat' dir='ltr'>et</span> <span class='ocrx_word' id='word_1_51' title='bbox 815 1423 943 1478; x_wconf 89' lang='lat' dir='ltr'>mentes</span> <span class='ocrx_word' id='word_1_52' title='bbox 972 1415 1119 1496; x_wconf 90' lang='lat' dir='ltr'>ipsorum</span> <span class='ocrx_word' id='word_1_53' title='bbox 1149 1416 1256 1495; x_wconf 90' lang='lat' dir='ltr'>duras,</span> <span class='ocrx_word' id='word_1_54' title='bbox 1280 1436 1319 1480; x_wconf 92' lang='lat' dir='ltr'>ac</span> <span class='ocrx_word' id='word_1_55' title='bbox 1345 1416 1545 1500; x_wconf 84' lang='lat' dir='ltr'>retrogadas,</span> <span class='ocrx_word' id='word_1_56' title='bbox 1571 1426 1605 1481; x_wconf 90' lang='lat' dir='ltr'>et</span> <span class='ocrx_word' id='word_1_57' title='bbox 1635 1417 1872 1500; x_wconf 79' lang='lat' dir='ltr'>imperantibus</span> 
     </span>
     <span class='ocr_line' id='line_1_7' title="bbox 471 1521 1871 1611; baseline 0.004 -24"><span class='ocrx_word' id='word_1_58' title='bbox 471 1544 589 1608; x_wconf 90' lang='lat' dir='ltr'>graues</span> <span class='ocrx_word' id='word_1_59' title='bbox 598 1521 620 1589; x_wconf 78' lang='lat'>².</span> <span class='ocrx_word' id='word_1_60' title='bbox 665 1523 762 1607; x_wconf 84' lang='lat' dir='ltr'>Quae</span> <span class='ocrx_word' id='word_1_61' title='bbox 779 1525 895 1590; x_wconf 91' lang='lat' dir='ltr'>itidem</span> <span class='ocrx_word' id='word_1_62' title='bbox 912 1524 1074 1590; x_wconf 91' lang='lat' dir='ltr'>bellorum</span> <span class='ocrx_word' id='word_1_63' title='bbox 1093 1547 1207 1590; x_wconf 85' lang='lat' dir='ltr'>caussa</span> <span class='ocrx_word' id='word_1_64' title='bbox 1224 1526 1289 1592; x_wconf 89' lang='lat' dir='ltr'>illic</span> <span class='ocrx_word' id='word_1_65' title='bbox 1311 1527 1353 1590; x_wconf 91' lang='lat' dir='ltr'>ab</span> <span class='ocrx_word' id='word_1_66' title='bbox 1376 1528 1466 1591; x_wconf 91' lang='lat' dir='ltr'>omni</span> <span class='ocrx_word' id='word_1_67' title='bbox 1489 1548 1573 1592; x_wconf 91' lang='lat' dir='ltr'>aeuo</span> <span class='ocrx_word' id='word_1_68' title='bbox 1595 1549 1735 1611; x_wconf 90' lang='lat' dir='ltr'>semper.</span> <span class='ocrx_word' id='word_1_69' title='bbox 1780 1528 1871 1592; x_wconf 92' lang='lat' dir='ltr'>Nam</span> 
     </span>
     <span class='ocr_line' id='line_1_8' title="bbox 473 1635 1872 1723; baseline 0.002 -23"><span class='ocrx_word' id='word_1_70' title='bbox 473 1635 587 1720; x_wconf 88' lang='lat' dir='ltr'>religio</span> <span class='ocrx_word' id='word_1_71' title='bbox 607 1635 659 1700; x_wconf 90' lang='lat' dir='ltr'>his</span> <span class='ocrx_word' id='word_1_72' title='bbox 681 1637 806 1701; x_wconf 87' lang='lat' dir='ltr'>ultimis</span> <span class='ocrx_word' id='word_1_73' title='bbox 827 1638 1031 1721; x_wconf 90' lang='lat' dir='ltr'>temporibus</span> <span class='ocrx_word' id='word_1_74' title='bbox 1054 1648 1184 1703; x_wconf 88' lang='lat' dir='ltr'>tanturn</span> <span class='ocrx_word' id='word_1_75' title='bbox 1207 1648 1410 1721; x_wconf 86' lang='lat' dir='ltr'>praetextus.</span> <span class='ocrx_word' id='word_1_76' title='bbox 1455 1639 1600 1723; x_wconf 83' lang='lat' dir='ltr'>Quando</span> <span class='ocrx_word' id='word_1_77' title='bbox 1623 1641 1692 1702; x_wconf 92' lang='lat' dir='ltr'>sine</span> <span class='ocrx_word' id='word_1_78' title='bbox 1709 1638 1804 1704; x_wconf 90' lang='lat' dir='ltr'>bellis</span> <span class='ocrx_word' id='word_1_79' title='bbox 1822 1640 1872 1703; x_wconf 92' lang='lat' dir='ltr'>in-</span> 
     </span>
     <span class='ocr_line' id='line_1_9' title="bbox 472 1748 1873 1836; baseline 0.001 -23"><span class='ocrx_word' id='word_1_80' title='bbox 472 1749 582 1828; x_wconf 90' lang='lat' dir='ltr'>ternis,</span> <span class='ocrx_word' id='word_1_81' title='bbox 597 1758 656 1814; x_wconf 92' lang='lat' dir='ltr'>aut</span> <span class='ocrx_word' id='word_1_82' title='bbox 674 1750 820 1814; x_wconf 87' lang='lat' dir='ltr'>externis</span> <span class='ocrx_word' id='word_1_83' title='bbox 841 1748 949 1814; x_wconf 90' lang='lat' dir='ltr'>Gallia</span> <span class='ocrx_word' id='word_1_84' title='bbox 967 1748 1049 1815; x_wconf 84' lang='lat' dir='ltr'>suit?</span> <span class='ocrx_word' id='word_1_85' title='bbox 1094 1749 1187 1815; x_wconf 88' lang='lat' dir='ltr'>Ante</span> <span class='ocrx_word' id='word_1_86' title='bbox 1204 1749 1353 1815; x_wconf 90' lang='lat' dir='ltr'>Caesaris</span> <span class='ocrx_word' id='word_1_87' title='bbox 1371 1751 1552 1816; x_wconf 88' lang='lat' dir='ltr'>aduentum</span> <span class='ocrx_word' id='word_1_88' title='bbox 1568 1748 1667 1836; x_wconf 89' lang='lat' dir='ltr'>(quae</span> <span class='ocrx_word' id='word_1_89' title='bbox 1685 1760 1761 1815; x_wconf 90' lang='lat' dir='ltr'>sunt</span> <span class='ocrx_word' id='word_1_90' title='bbox 1777 1751 1873 1816; x_wconf 93' lang='lat' dir='ltr'>nobis</span> 
     </span>
     <span class='ocr_line' id='line_1_10' title="bbox 473 1857 1873 1948; baseline 0.003 -24"><span class='ocrx_word' id='word_1_91' title='bbox 473 1862 507 1924; x_wconf 90' lang='lat' dir='ltr'>in</span> <span class='ocrx_word' id='word_1_92' title='bbox 523 1860 665 1925; x_wconf 90' lang='lat' dir='ltr'>tenebris</span> <span class='ocrx_word' id='word_1_93' title='bbox 681 1859 845 1948; x_wconf 88' lang='lat' dir='ltr'>tempora)</span> <span class='ocrx_word' id='word_1_94' title='bbox 860 1862 927 1926; x_wconf 90' lang='lat' dir='ltr'>sere</span> <span class='ocrx_word' id='word_1_95' title='bbox 941 1863 1117 1945; x_wconf 88' lang='lat' dir='ltr'>quotannis</span> <span class='ocrx_word' id='word_1_96' title='bbox 1135 1863 1283 1927; x_wconf 92' lang='lat' dir='ltr'>accidere</span> <span class='ocrx_word' id='word_1_97' title='bbox 1301 1857 1389 1927; x_wconf 80' lang='lat' dir='ltr'>bella</span> <span class='ocrx_word' id='word_1_98' title='bbox 1407 1863 1623 1944; x_wconf 92' lang='lat' dir='ltr'>consueuisse,</span> <span class='ocrx_word' id='word_1_99' title='bbox 1638 1863 1783 1945; x_wconf 89' lang='lat' dir='ltr'>prodidit</span> <span class='ocrx_word' id='word_1_100' title='bbox 1801 1863 1873 1945; x_wconf 92' lang='lat' dir='ltr'>ipse</span> 
     </span>
     <span class='ocr_line' id='line_1_11' title="bbox 475 1971 1870 2059; baseline 0 -21"><span class='ocrx_word' id='word_1_101' title='bbox 475 1974 598 2039; x_wconf 90' lang='lat' dir='ltr'>Caesar</span> <span class='ocrx_word' id='word_1_102' title='bbox 606 1971 628 2038; x_wconf 81' lang='lat'>³.</span> <span class='ocrx_word' id='word_1_103' title='bbox 660 1973 746 2036; x_wconf 91' lang='lat' dir='ltr'>Item</span> <span class='ocrx_word' id='word_1_104' title='bbox 762 1973 817 2038; x_wconf 91' lang='lat' dir='ltr'>ille</span> <span class='ocrx_word' id='word_1_105' title='bbox 832 1974 921 2057; x_wconf 91' lang='lat' dir='ltr'>apud</span> <span class='ocrx_word' id='word_1_106' title='bbox 933 1975 1097 2054; x_wconf 89' lang='lat' dir='ltr'>Taciturn,</span> <span class='ocrx_word' id='word_1_107' title='bbox 1114 1973 1227 2039; x_wconf 92' lang='lat' dir='ltr'>‘Bella</span> <span class='ocrx_word' id='word_1_108' title='bbox 1243 1994 1302 2057; x_wconf 88' lang='lat' dir='ltr'>per</span> <span class='ocrx_word' id='word_1_109' title='bbox 1317 1973 1443 2038; x_wconf 90' lang='lat' dir='ltr'>Gallias</span> <span class='ocrx_word' id='word_1_110' title='bbox 1457 1996 1588 2059; x_wconf 89' lang='lat' dir='ltr'>semper</span> <span class='ocrx_word' id='word_1_111' title='bbox 1602 1975 1700 2054; x_wconf 85' lang='lat' dir='ltr'>luere,</span> <span class='ocrx_word' id='word_1_112' title='bbox 1715 1975 1821 2039; x_wconf 91' lang='lat' dir='ltr'>donec</span> <span class='ocrx_word' id='word_1_113' title='bbox 1837 1976 1870 2038; x_wconf 91' lang='lat' dir='ltr'>in</span> 
     </span>
     <span class='ocr_line' id='line_1_12' title="bbox 474 2083 1871 2164; baseline 0.001 -15"><span class='ocrx_word' id='word_1_114' title='bbox 474 2086 725 2150; x_wconf 87' lang='lat' dir='ltr'>‘Romanorum</span> <span class='ocrx_word' id='word_1_115' title='bbox 741 2087 791 2150; x_wconf 91' lang='lat' dir='ltr'>ius</span> <span class='ocrx_word' id='word_1_116' title='bbox 809 2087 1027 2151; x_wconf 88' lang='lat' dir='ltr'>concederent</span> <span class='ocrx_word' id='word_1_117' title='bbox 1036 2083 1068 2150; x_wconf 87' lang='lat'>⁴.&#39;</span> <span class='ocrx_word' id='word_1_118' title='bbox 1113 2086 1225 2149; x_wconf 90' lang='lat' dir='ltr'>Etiam</span> <span class='ocrx_word' id='word_1_119' title='bbox 1241 2087 1445 2151; x_wconf 88' lang='lat' dir='ltr'>tumultuum</span> <span class='ocrx_word' id='word_1_120' title='bbox 1465 2087 1595 2151; x_wconf 91' lang='lat' dir='ltr'>Galliae</span> <span class='ocrx_word' id='word_1_121' title='bbox 1613 2087 1732 2151; x_wconf 90' lang='lat' dir='ltr'>dicitur</span> <span class='ocrx_word' id='word_1_122' title='bbox 1746 2107 1871 2164; x_wconf 88' lang='lat' dir='ltr'>caussa,</span> 
     </span>
     <span class='ocr_line' id='line_1_13' title="bbox 474 2197 1871 2281; baseline 0.001 -21"><span class='ocrx_word' id='word_1_123' title='bbox 474 2207 668 2280; x_wconf 84' lang='lat' dir='ltr'>magnatum</span> <span class='ocrx_word' id='word_1_124' title='bbox 690 2207 724 2262; x_wconf 90' lang='lat' dir='ltr'>et</span> <span class='ocrx_word' id='word_1_125' title='bbox 746 2197 906 2262; x_wconf 90' lang='lat' dir='ltr'>nobilium</span> <span class='ocrx_word' id='word_1_126' title='bbox 929 2207 1054 2262; x_wconf 91' lang='lat' dir='ltr'>status:</span> <span class='ocrx_word' id='word_1_127' title='bbox 1081 2198 1138 2280; x_wconf 93' lang='lat' dir='ltr'>qui</span> <span class='ocrx_word' id='word_1_128' title='bbox 1159 2206 1314 2281; x_wconf 89' lang='lat' dir='ltr'>potentes</span> <span class='ocrx_word' id='word_1_129' title='bbox 1336 2197 1434 2262; x_wconf 91' lang='lat' dir='ltr'>ualde</span> <span class='ocrx_word' id='word_1_130' title='bbox 1449 2219 1524 2262; x_wconf 92' lang='lat' dir='ltr'>cum</span> <span class='ocrx_word' id='word_1_131' title='bbox 1547 2200 1620 2277; x_wconf 92' lang='lat' dir='ltr'>sint,</span> <span class='ocrx_word' id='word_1_132' title='bbox 1639 2207 1673 2262; x_wconf 92' lang='lat' dir='ltr'>et</span> <span class='ocrx_word' id='word_1_133' title='bbox 1692 2197 1792 2276; x_wconf 90' lang='lat' dir='ltr'>liberi,</span> <span class='ocrx_word' id='word_1_134' title='bbox 1811 2217 1871 2262; x_wconf 92' lang='lat' dir='ltr'>nec</span> 
     </span>
     <span class='ocr_line' id='line_1_14' title="bbox 474 2309 1872 2393; baseline -0.001 -19"><span class='ocrx_word' id='word_1_135' title='bbox 474 2311 562 2389; x_wconf 92' lang='lat' dir='ltr'>dent,</span> <span class='ocrx_word' id='word_1_136' title='bbox 578 2310 605 2373; x_wconf 92' lang='lat' dir='ltr'>si</span> <span class='ocrx_word' id='word_1_137' title='bbox 621 2331 681 2375; x_wconf 88' lang='lat' dir='ltr'>rex</span> <span class='ocrx_word' id='word_1_138' title='bbox 696 2319 798 2393; x_wconf 91' lang='lat' dir='ltr'>petat,</span> <span class='ocrx_word' id='word_1_139' title='bbox 813 2309 946 2393; x_wconf 93' lang='lat' dir='ltr'>aliquid,</span> <span class='ocrx_word' id='word_1_140' title='bbox 962 2330 1021 2374; x_wconf 89' lang='lat' dir='ltr'>nec</span> <span class='ocrx_word' id='word_1_141' title='bbox 1040 2311 1108 2392; x_wconf 87' lang='lat' dir='ltr'>regi</span> <span class='ocrx_word' id='word_1_142' title='bbox 1123 2310 1290 2389; x_wconf 90' lang='lat' dir='ltr'>obediant,</span> <span class='ocrx_word' id='word_1_143' title='bbox 1306 2309 1332 2373; x_wconf 91' lang='lat' dir='ltr'>si</span> <span class='ocrx_word' id='word_1_144' title='bbox 1351 2310 1430 2393; x_wconf 92' lang='lat' dir='ltr'>quid</span> <span class='ocrx_word' id='word_1_145' title='bbox 1447 2311 1606 2393; x_wconf 92' lang='lat' dir='ltr'>imperet:</span> <span class='ocrx_word' id='word_1_146' title='bbox 1637 2311 1723 2392; x_wconf 86' lang='lat' dir='ltr'>regis</span> <span class='ocrx_word' id='word_1_147' title='bbox 1745 2309 1872 2392; x_wconf 84' lang='lat' dir='ltr'>magni-</span> 
     </span>
     <span class='ocr_line' id='line_1_15' title="bbox 474 2421 1874 2505; baseline -0.001 -19"><span class='ocrx_word' id='word_1_148' title='bbox 474 2423 581 2487; x_wconf 93' lang='lat' dir='ltr'>tudini</span> <span class='ocrx_word' id='word_1_149' title='bbox 603 2432 662 2487; x_wconf 88' lang='lat' dir='ltr'>aut</span> <span class='ocrx_word' id='word_1_150' title='bbox 684 2422 863 2498; x_wconf 88' lang='lat' dir='ltr'>inuideant,</span> <span class='ocrx_word' id='word_1_151' title='bbox 883 2423 909 2485; x_wconf 92' lang='lat' dir='ltr'>si</span> <span class='ocrx_word' id='word_1_152' title='bbox 928 2421 1009 2485; x_wconf 93' lang='lat' dir='ltr'>nihil</span> <span class='ocrx_word' id='word_1_153' title='bbox 1031 2422 1096 2500; x_wconf 80' lang='lat' dir='ltr'>det,</span> <span class='ocrx_word' id='word_1_154' title='bbox 1119 2432 1176 2486; x_wconf 91' lang='lat' dir='ltr'>aut</span> <span class='ocrx_word' id='word_1_155' title='bbox 1194 2423 1259 2485; x_wconf 92' lang='lat' dir='ltr'>sint</span> <span class='ocrx_word' id='word_1_156' title='bbox 1281 2422 1443 2498; x_wconf 91' lang='lat' dir='ltr'>damnosi,</span> <span class='ocrx_word' id='word_1_157' title='bbox 1466 2423 1493 2485; x_wconf 93' lang='lat' dir='ltr'>si</span> <span class='ocrx_word' id='word_1_158' title='bbox 1517 2421 1655 2486; x_wconf 88' lang='lat' dir='ltr'>dederit.</span> <span class='ocrx_word' id='word_1_159' title='bbox 1677 2423 1874 2505; x_wconf 85' lang='lat' dir='ltr'>¹conspirant</span> 
     </span>
     <span class='ocr_line' id='line_1_16' title="bbox 475 2532 1875 2618; baseline -0.002 -19"><span class='ocrx_word' id='word_1_160' title='bbox 475 2543 636 2618; x_wconf 91' lang='lat' dir='ltr'>potentes.</span> <span class='ocrx_word' id='word_1_161' title='bbox 666 2536 848 2598; x_wconf 89' lang='lat' dir='ltr'>irascuntur</span> <span class='ocrx_word' id='word_1_162' title='bbox 869 2534 1044 2598; x_wconf 87' lang='lat' dir='ltr'>ambitiosi.</span> <span class='ocrx_word' id='word_1_163' title='bbox 1076 2543 1109 2598; x_wconf 86' lang='lat' dir='ltr'>et</span> <span class='ocrx_word' id='word_1_164' title='bbox 1131 2532 1253 2597; x_wconf 91' lang='lat' dir='ltr'>insoliti</span> <span class='ocrx_word' id='word_1_165' title='bbox 1276 2534 1388 2598; x_wconf 92' lang='lat' dir='ltr'>uidere</span> <span class='ocrx_word' id='word_1_166' title='bbox 1412 2533 1631 2616; x_wconf 88' lang='lat' dir='ltr'>magistratus,</span> <span class='ocrx_word' id='word_1_167' title='bbox 1647 2553 1667 2596; x_wconf 94' lang='lat' dir='ltr'>a</span> <span class='ocrx_word' id='word_1_168' title='bbox 1685 2532 1875 2596; x_wconf 91' lang='lat' dir='ltr'>ciuitatibus</span> 
     </span>
     <span class='ocr_line' id='line_1_17' title="bbox 474 2643 1875 2729; baseline -0.003 -18"><span class='ocrx_word' id='word_1_169' title='bbox 474 2646 618 2729; x_wconf 93' lang='lat' dir='ltr'>sepositi,</span> <span class='ocrx_word' id='word_1_170' title='bbox 636 2646 774 2729; x_wconf 93' lang='lat' dir='ltr'>quisque</span> <span class='ocrx_word' id='word_1_171' title='bbox 792 2646 856 2709; x_wconf 90' lang='lat' dir='ltr'>ruri</span> <span class='ocrx_word' id='word_1_172' title='bbox 875 2666 950 2710; x_wconf 91' lang='lat' dir='ltr'>cum</span> <span class='ocrx_word' id='word_1_173' title='bbox 973 2647 1040 2709; x_wconf 91' lang='lat' dir='ltr'>suis</span> <span class='ocrx_word' id='word_1_174' title='bbox 1057 2645 1197 2725; x_wconf 80' lang='lat' dir='ltr'>familiis,</span> <span class='ocrx_word' id='word_1_175' title='bbox 1216 2647 1395 2725; x_wconf 89' lang='lat' dir='ltr'>discordiis,</span> <span class='ocrx_word' id='word_1_176' title='bbox 1413 2645 1638 2724; x_wconf 90' lang='lat' dir='ltr'>seditionibus,</span> <span class='ocrx_word' id='word_1_177' title='bbox 1657 2643 1875 2709; x_wconf 89' lang='lat' dir='ltr'>contentioni-</span> 
     </span>
     <span class='ocr_line' id='line_1_18' title="bbox 475 2753 1874 2841; baseline -0.003 -19"><span class='ocrx_word' id='word_1_178' title='bbox 475 2758 538 2822; x_wconf 91' lang='lat' dir='ltr'>bus</span> <span class='ocrx_word' id='word_1_179' title='bbox 560 2757 741 2822; x_wconf 90' lang='lat' dir='ltr'>necessario</span> <span class='ocrx_word' id='word_1_180' title='bbox 765 2758 976 2840; x_wconf 85' lang='lat' dir='ltr'>exagitantur</span> <span class='ocrx_word' id='word_1_181' title='bbox 985 2758 1007 2821; x_wconf 80' lang='lat'>⁶.</span> <span class='ocrx_word' id='word_1_182' title='bbox 1053 2757 1108 2822; x_wconf 92' lang='lat' dir='ltr'>Sic</span> <span class='ocrx_word' id='word_1_183' title='bbox 1131 2777 1196 2821; x_wconf 93' lang='lat' dir='ltr'>non</span> <span class='ocrx_word' id='word_1_184' title='bbox 1223 2766 1273 2821; x_wconf 89' lang='lat' dir='ltr'>est</span> <span class='ocrx_word' id='word_1_185' title='bbox 1297 2756 1408 2841; x_wconf 88' lang='lat' dir='ltr'>religio</span> <span class='ocrx_word' id='word_1_186' title='bbox 1430 2777 1529 2821; x_wconf 90' lang='lat' dir='ltr'>causa</span> <span class='ocrx_word' id='word_1_187' title='bbox 1552 2757 1714 2820; x_wconf 90' lang='lat' dir='ltr'>malorum</span> <span class='ocrx_word' id='word_1_188' title='bbox 1738 2753 1874 2819; x_wconf 88' lang='lat' dir='ltr'>Galliae.</span> 
     </span>
     <span class='ocr_line' id='line_1_19' title="bbox 477 2865 1875 2953; baseline -0.004 -18"><span class='ocrx_word' id='word_1_189' title='bbox 477 2870 544 2936; x_wconf 92' lang='lat' dir='ltr'>Sed</span> <span class='ocrx_word' id='word_1_190' title='bbox 568 2870 621 2935; x_wconf 91' lang='lat' dir='ltr'>hic</span> <span class='ocrx_word' id='word_1_191' title='bbox 642 2869 721 2933; x_wconf 90' lang='lat' dir='ltr'>mihi</span> <span class='ocrx_word' id='word_1_192' title='bbox 744 2868 851 2933; x_wconf 92' lang='lat' dir='ltr'>simile</span> <span class='ocrx_word' id='word_1_193' title='bbox 871 2868 1109 2934; x_wconf 86' lang='lat' dir='ltr'>conficiendum</span> <span class='ocrx_word' id='word_1_194' title='bbox 1133 2869 1218 2933; x_wconf 83' lang='lat' dir='ltr'>soret</span> <span class='ocrx_word' id='word_1_195' title='bbox 1241 2891 1333 2953; x_wconf 93' lang='lat' dir='ltr'>opus,</span> <span class='ocrx_word' id='word_1_196' title='bbox 1356 2869 1454 2952; x_wconf 88' lang='lat' dir='ltr'>quale</span> <span class='ocrx_word' id='word_1_197' title='bbox 1476 2868 1617 2934; x_wconf 83' lang='lat' dir='ltr'>coniecit</span> <span class='ocrx_word' id='word_1_198' title='bbox 1641 2867 1787 2932; x_wconf 78' lang='lat' dir='ltr'>Orosius</span> <span class='ocrx_word' id='word_1_199' title='bbox 1818 2865 1875 2950; x_wconf 92' lang='lat' dir='ltr'>qui</span> 
     </span>
     <span class='ocr_line' id='line_1_20' title="bbox 475 2977 1875 3064; baseline -0.004 -18"><span class='ocrx_word' id='word_1_200' title='bbox 475 2983 556 3047; x_wconf 90' lang='lat' dir='ltr'>item</span> <span class='ocrx_word' id='word_1_201' title='bbox 572 2981 752 3048; x_wconf 85' lang='lat' dir='ltr'>calumnias</span> <span class='ocrx_word' id='word_1_202' title='bbox 767 2980 965 3045; x_wconf 85' lang='lat' dir='ltr'>refutaturus</span> <span class='ocrx_word' id='word_1_203' title='bbox 983 3001 1104 3060; x_wconf 92' lang='lat' dir='ltr'>eorum,</span> <span class='ocrx_word' id='word_1_204' title='bbox 1120 2981 1176 3064; x_wconf 93' lang='lat' dir='ltr'>qui</span> <span class='ocrx_word' id='word_1_205' title='bbox 1195 2981 1419 3060; x_wconf 88' lang='lat' dir='ltr'>clamitabant,</span> <span class='ocrx_word' id='word_1_206' title='bbox 1433 2980 1530 3060; x_wconf 90' lang='lat' dir='ltr'>bella,</span> <span class='ocrx_word' id='word_1_207' title='bbox 1547 2989 1580 3045; x_wconf 91' lang='lat' dir='ltr'>et</span> <span class='ocrx_word' id='word_1_208' title='bbox 1598 2977 1686 3043; x_wconf 90' lang='lat' dir='ltr'>mala</span> <span class='ocrx_word' id='word_1_209' title='bbox 1701 2977 1875 3043; x_wconf 88' lang='lat' dir='ltr'>aduenisse</span> 
     </span>
     <span class='ocr_line' id='line_1_21' title="bbox 476 3088 1876 3177; baseline -0.005 -18"><span class='ocrx_word' id='word_1_210' title='bbox 476 3095 547 3159; x_wconf 90' lang='lat' dir='ltr'>orbi</span> <span class='ocrx_word' id='word_1_211' title='bbox 567 3095 729 3174; x_wconf 92' lang='lat' dir='ltr'>Romano,</span> <span class='ocrx_word' id='word_1_212' title='bbox 745 3102 921 3177; x_wconf 91' lang='lat' dir='ltr'>postquam</span> <span class='ocrx_word' id='word_1_213' title='bbox 939 3093 1052 3176; x_wconf 88' lang='lat' dir='ltr'>religio</span> <span class='ocrx_word' id='word_1_214' title='bbox 1072 3092 1139 3158; x_wconf 89' lang='lat' dir='ltr'>illic</span> <span class='ocrx_word' id='word_1_215' title='bbox 1163 3092 1350 3158; x_wconf 88' lang='lat' dir='ltr'>Christiana</span> <span class='ocrx_word' id='word_1_216' title='bbox 1368 3092 1438 3171; x_wconf 85' lang='lat' dir='ltr'>suit,</span> <span class='ocrx_word' id='word_1_217' title='bbox 1455 3091 1521 3156; x_wconf 92' lang='lat' dir='ltr'>imo</span> <span class='ocrx_word' id='word_1_218' title='bbox 1540 3090 1628 3155; x_wconf 91' lang='lat' dir='ltr'>mala</span> <span class='ocrx_word' id='word_1_219' title='bbox 1644 3099 1678 3155; x_wconf 91' lang='lat' dir='ltr'>et</span> <span class='ocrx_word' id='word_1_220' title='bbox 1695 3088 1783 3154; x_wconf 93' lang='lat' dir='ltr'>bella</span> <span class='ocrx_word' id='word_1_221' title='bbox 1801 3088 1876 3167; x_wconf 91' lang='lat' dir='ltr'>illic,</span> 
     </span>
     <span class='ocr_line' id='line_1_22' title="bbox 476 3201 1876 3287; baseline -0.006 -17"><span class='ocrx_word' id='word_1_222' title='bbox 476 3215 511 3271; x_wconf 93' lang='lat' dir='ltr'>et</span> <span class='ocrx_word' id='word_1_223' title='bbox 536 3207 570 3269; x_wconf 93' lang='lat' dir='ltr'>in</span> <span class='ocrx_word' id='word_1_224' title='bbox 596 3206 676 3270; x_wconf 90' lang='lat' dir='ltr'>orbe</span> <span class='ocrx_word' id='word_1_225' title='bbox 702 3207 855 3269; x_wconf 89' lang='lat' dir='ltr'>uniuerso</span> <span class='ocrx_word' id='word_1_226' title='bbox 885 3204 984 3269; x_wconf 84' lang='lat' dir='ltr'>luisse</span> <span class='ocrx_word' id='word_1_227' title='bbox 1013 3225 1152 3287; x_wconf 90' lang='lat' dir='ltr'>semper,</span> <span class='ocrx_word' id='word_1_228' title='bbox 1183 3204 1338 3270; x_wconf 88' lang='lat' dir='ltr'>ostendit.</span> <span class='ocrx_word' id='word_1_229' title='bbox 1384 3203 1602 3269; x_wconf 90' lang='lat' dir='ltr'>Occurrerant</span> <span class='ocrx_word' id='word_1_230' title='bbox 1632 3201 1688 3266; x_wconf 91' lang='lat' dir='ltr'>alii</span> <span class='ocrx_word' id='word_1_231' title='bbox 1717 3201 1876 3266; x_wconf 90' lang='lat' dir='ltr'>aduersus</span> 
     </span>
     <span class='ocr_line' id='line_1_23' title="bbox 476 3313 1875 3400; baseline -0.005 -19"><span class='ocrx_word' id='word_1_232' title='bbox 476 3317 675 3382; x_wconf 86' lang='lat' dir='ltr'>calumniam</span> <span class='ocrx_word' id='word_1_233' title='bbox 685 3317 707 3381; x_wconf 81' lang='lat'>⁰.</span> <span class='ocrx_word' id='word_1_234' title='bbox 749 3316 934 3400; x_wconf 90' lang='lat' dir='ltr'>Cyprianus</span> <span class='ocrx_word' id='word_1_235' title='bbox 952 3337 972 3380; x_wconf 90' lang='lat' dir='ltr'>a</span> <span class='ocrx_word' id='word_1_236' title='bbox 990 3317 1081 3380; x_wconf 89' lang='lat' dir='ltr'>senio</span> <span class='ocrx_word' id='word_1_237' title='bbox 1100 3316 1214 3379; x_wconf 91' lang='lat' dir='ltr'>mundi</span> <span class='ocrx_word' id='word_1_238' title='bbox 1233 3337 1304 3380; x_wconf 91' lang='lat' dir='ltr'>esse</span> <span class='ocrx_word' id='word_1_239' title='bbox 1322 3315 1403 3380; x_wconf 91' lang='lat' dir='ltr'>haec</span> <span class='ocrx_word' id='word_1_240' title='bbox 1422 3316 1477 3394; x_wconf 88' lang='lat' dir='ltr'>ait,</span> <span class='ocrx_word' id='word_1_241' title='bbox 1494 3337 1515 3379; x_wconf 91' lang='lat' dir='ltr'>a</span> <span class='ocrx_word' id='word_1_242' title='bbox 1533 3315 1676 3398; x_wconf 91' lang='lat' dir='ltr'>peccatis</span> <span class='ocrx_word' id='word_1_243' title='bbox 1693 3313 1875 3390; x_wconf 90' lang='lat' dir='ltr'>hominum,</span> 
     </span>
     <span class='ocr_line' id='line_1_24' title="bbox 476 3422 1875 3511; baseline -0.005 -18"><span class='ocrx_word' id='word_1_244' title='bbox 476 3429 520 3493; x_wconf 90' lang='lat' dir='ltr'>ab</span> <span class='ocrx_word' id='word_1_245' title='bbox 538 3429 611 3493; x_wconf 88' lang='lat' dir='ltr'>aliis</span> <span class='ocrx_word' id='word_1_246' title='bbox 633 3429 723 3493; x_wconf 86' lang='lat' dir='ltr'>salsis</span> <span class='ocrx_word' id='word_1_247' title='bbox 746 3427 965 3511; x_wconf 87' lang='lat' dir='ltr'>religionibus,</span> <span class='ocrx_word' id='word_1_248' title='bbox 981 3436 1014 3492; x_wconf 90' lang='lat' dir='ltr'>et</span> <span class='ocrx_word' id='word_1_249' title='bbox 1029 3449 1050 3491; x_wconf 86' lang='lat' dir='ltr'>a</span> <span class='ocrx_word' id='word_1_250' title='bbox 1064 3428 1345 3510; x_wconf 90' lang='lat' dir='ltr'>persecutionibus</span> <span class='ocrx_word' id='word_1_251' title='bbox 1368 3447 1537 3491; x_wconf 90' lang='lat' dir='ltr'>seruorum</span> <span class='ocrx_word' id='word_1_252' title='bbox 1561 3425 1634 3490; x_wconf 90' lang='lat' dir='ltr'>Dei.</span> <span class='ocrx_word' id='word_1_253' title='bbox 1679 3425 1775 3488; x_wconf 91' lang='lat' dir='ltr'>‘Non</span> <span class='ocrx_word' id='word_1_254' title='bbox 1797 3422 1875 3506; x_wconf 94' lang='lat' dir='ltr'>quia</span> 
     </span>
     <span class='ocr_line' id='line_1_25' title="bbox 477 3534 1875 3622; baseline -0.006 -17"><span class='ocrx_word' id='word_1_255' title='bbox 477 3541 546 3605; x_wconf 89' lang='lat' dir='ltr'>‘dii</span> <span class='ocrx_word' id='word_1_256' title='bbox 569 3539 818 3619; x_wconf 88' lang='lat' dir='ltr'>non&#39;coluntur,</span> <span class='ocrx_word' id='word_1_257' title='bbox 841 3540 900 3604; x_wconf 89' lang='lat' dir='ltr'>sed</span> <span class='ocrx_word' id='word_1_258' title='bbox 923 3540 1001 3622; x_wconf 91' lang='lat' dir='ltr'>quia</span> <span class='ocrx_word' id='word_1_259' title='bbox 1024 3539 1115 3603; x_wconf 91' lang='lat' dir='ltr'>Deus</span> <span class='ocrx_word' id='word_1_260' title='bbox 1141 3560 1208 3603; x_wconf 90' lang='lat' dir='ltr'>non</span> <span class='ocrx_word' id='word_1_261' title='bbox 1232 3540 1359 3604; x_wconf 91' lang='lat' dir='ltr'>colitur.</span> <span class='ocrx_word' id='word_1_262' title='bbox 1406 3538 1551 3622; x_wconf 89' lang='lat' dir='ltr'>Lapides</span> <span class='ocrx_word' id='word_1_263' title='bbox 1575 3537 1736 3603; x_wconf 91' lang='lat' dir='ltr'>coluntur.</span> <span class='ocrx_word' id='word_1_264' title='bbox 1782 3534 1875 3598; x_wconf 90' lang='lat' dir='ltr'>Deus</span> 
     </span>
     <span class='ocr_line' id='line_1_26' title="bbox 476 3645 1875 3735; baseline -0.004 -19"><span class='ocrx_word' id='word_1_265' title='bbox 476 3651 588 3716; x_wconf 91' lang='lat' dir='ltr'>‘solus</span> <span class='ocrx_word' id='word_1_266' title='bbox 604 3672 669 3716; x_wconf 92' lang='lat' dir='ltr'>non</span> <span class='ocrx_word' id='word_1_267' title='bbox 684 3651 809 3730; x_wconf 93' lang='lat' dir='ltr'>colitur,</span> <span class='ocrx_word' id='word_1_268' title='bbox 825 3659 882 3715; x_wconf 91' lang='lat' dir='ltr'>aut</span> <span class='ocrx_word' id='word_1_269' title='bbox 901 3671 967 3714; x_wconf 90' lang='lat' dir='ltr'>non</span> <span class='ocrx_word' id='word_1_270' title='bbox 985 3648 1140 3732; x_wconf 89' lang='lat' dir='ltr'>impune,&#39;</span> <span class='ocrx_word' id='word_1_271' title='bbox 1168 3650 1214 3714; x_wconf 91' lang='lat' dir='ltr'>ait</span> <span class='ocrx_word' id='word_1_272' title='bbox 1232 3650 1427 3735; x_wconf 88' lang='lat' dir='ltr'>Cyprianus.</span> <span class='ocrx_word' id='word_1_273' title='bbox 1467 3649 1529 3714; x_wconf 92' lang='lat' dir='ltr'>Ait</span> <span class='ocrx_word' id='word_1_274' title='bbox 1551 3648 1640 3713; x_wconf 91' lang='lat' dir='ltr'>aliud</span> <span class='ocrx_word' id='word_1_275' title='bbox 1656 3645 1875 3730; x_wconf 83' lang='lat' dir='ltr'>Augustinus.</span> 
     </span>
     <span class='ocr_line' id='line_1_27' title="bbox 476 3758 1875 3829; baseline -0.004 -1"><span class='ocrx_word' id='word_1_276' title='bbox 476 3774 512 3829; x_wconf 91' lang='lat' dir='ltr'>at</span> <span class='ocrx_word' id='word_1_277' title='bbox 535 3763 639 3828; x_wconf 85' lang='lat' dir='ltr'>resero</span> <span class='ocrx_word' id='word_1_278' title='bbox 660 3764 704 3827; x_wconf 91' lang='lat' dir='ltr'>ad</span> <span class='ocrx_word' id='word_1_279' title='bbox 724 3765 859 3827; x_wconf 91' lang='lat' dir='ltr'>tertium</span> <span class='ocrx_word' id='word_1_280' title='bbox 882 3763 1020 3827; x_wconf 90' lang='lat' dir='ltr'>librum:</span> <span class='ocrx_word' id='word_1_281' title='bbox 1053 3763 1108 3825; x_wconf 93' lang='lat' dir='ltr'>ubi</span> <span class='ocrx_word' id='word_1_282' title='bbox 1128 3762 1192 3827; x_wconf 93' lang='lat' dir='ltr'>hoc</span> <span class='ocrx_word' id='word_1_283' title='bbox 1214 3762 1302 3827; x_wconf 92' lang='lat' dir='ltr'>idem</span> <span class='ocrx_word' id='word_1_284' title='bbox 1326 3773 1378 3826; x_wconf 92' lang='lat' dir='ltr'>est</span> <span class='ocrx_word' id='word_1_285' title='bbox 1401 3762 1654 3826; x_wconf 90' lang='lat' dir='ltr'>retractandum.</span> <span class='ocrx_word' id='word_1_286' title='bbox 1700 3759 1772 3823; x_wconf 84' lang='lat' dir='ltr'>iam</span> <span class='ocrx_word' id='word_1_287' title='bbox 1795 3758 1875 3823; x_wconf 89' lang='lat' dir='ltr'>satis</span> 
     </span>
    </p>
   </div>
   <div class='ocr_carea' id='block_1_3' title="bbox 372 3871 1876 3957">
    <p class='ocr_par' dir='ltr' id='par_1_3' title="bbox 372 3871 1876 3957">
     <span class='ocr_line' id='line_1_28' title="bbox 372 3871 1876 3957; baseline -0.005 -16"><span class='ocrx_word' id='word_1_288' title='bbox 372 3885 375 3892; x_wconf 85' lang='lat'>&#39;</span> <span class='ocrx_word' id='word_1_289' title='bbox 477 3878 657 3941; x_wconf 89' lang='lat' dir='ltr'>iudicatum</span> <span class='ocrx_word' id='word_1_290' title='bbox 680 3877 723 3940; x_wconf 91' lang='lat' dir='ltr'>de</span> <span class='ocrx_word' id='word_1_291' title='bbox 741 3875 827 3940; x_wconf 89' lang='lat' dir='ltr'>ueris</span> <span class='ocrx_word' id='word_1_292' title='bbox 845 3875 975 3955; x_wconf 92' lang='lat' dir='ltr'>caussis,</span> <span class='ocrx_word' id='word_1_293' title='bbox 991 3883 1152 3939; x_wconf 90' lang='lat' dir='ltr'>retectum</span> <span class='ocrx_word' id='word_1_294' title='bbox 1168 3877 1210 3939; x_wconf 93' lang='lat' dir='ltr'>de</span> <span class='ocrx_word' id='word_1_295' title='bbox 1230 3883 1416 3957; x_wconf 85' lang='lat' dir='ltr'>praetextu.</span> <span class='ocrx_word' id='word_1_296' title='bbox 1461 3872 1577 3956; x_wconf 90' lang='lat' dir='ltr'>Atque</span> <span class='ocrx_word' id='word_1_297' title='bbox 1599 3872 1625 3936; x_wconf 93' lang='lat' dir='ltr'>si</span> <span class='ocrx_word' id='word_1_298' title='bbox 1649 3871 1776 3949; x_wconf 89' lang='lat' dir='ltr'>dicitur,</span> <span class='ocrx_word' id='word_1_299' title='bbox 1791 3871 1876 3934; x_wconf 91' lang='lat' dir='ltr'>bene</span> 
     </span>
    </p>
   </div>
   <div class='ocr_carea' id='block_1_4' title="bbox 477 3983 1877 4182">
    <p class='ocr_par' dir='ltr' id='par_1_4' title="bbox 477 3983 1877 4182">
     <span class='ocr_line' id='line_1_29' title="bbox 477 3983 1877 4071; baseline -0.005 -18"><span class='ocrx_word' id='word_1_300' title='bbox 477 3989 530 4053; x_wconf 92' lang='lat' dir='ltr'>uel</span> <span class='ocrx_word' id='word_1_301' title='bbox 553 3996 765 4071; x_wconf 88' lang='lat' dir='ltr'>praetextum</span> <span class='ocrx_word' id='word_1_302' title='bbox 782 3987 871 4052; x_wconf 92' lang='lat' dir='ltr'>hunc</span> <span class='ocrx_word' id='word_1_303' title='bbox 889 3986 961 4050; x_wconf 92' lang='lat' dir='ltr'>tolli</span> <span class='ocrx_word' id='word_1_304' title='bbox 979 3987 1197 4050; x_wconf 90' lang='lat' dir='ltr'>seditionum:</span> <span class='ocrx_word' id='word_1_305' title='bbox 1221 3985 1447 4069; x_wconf 90' lang='lat' dir='ltr'>responderim</span> <span class='ocrx_word' id='word_1_306' title='bbox 1467 4005 1538 4068; x_wconf 87' lang='lat' dir='ltr'>eg0,</span> <span class='ocrx_word' id='word_1_307' title='bbox 1554 3983 1661 4048; x_wconf 91' lang='lat' dir='ltr'>uerius</span> <span class='ocrx_word' id='word_1_308' title='bbox 1680 3984 1747 4047; x_wconf 91' lang='lat' dir='ltr'>imo</span> <span class='ocrx_word' id='word_1_309' title='bbox 1765 4002 1877 4047; x_wconf 90' lang='lat' dir='ltr'>occur-</span> 
     </span>
     <span class='ocr_line' id='line_1_30' title="bbox 478 4094 1818 4182; baseline -0.004 -18"><span class='ocrx_word' id='word_1_310' title='bbox 478 4101 617 4165; x_wconf 92' lang='lat' dir='ltr'>rendum</span> <span class='ocrx_word' id='word_1_311' title='bbox 632 4100 830 4164; x_wconf 90' lang='lat' dir='ltr'>seditionum</span> <span class='ocrx_word' id='word_1_312' title='bbox 846 4099 978 4164; x_wconf 91' lang='lat' dir='ltr'>caussis.</span> <span class='ocrx_word' id='word_1_313' title='bbox 1012 4120 1089 4162; x_wconf 83' lang='lat' dir='ltr'>nam</span> <span class='ocrx_word' id='word_1_314' title='bbox 1105 4107 1281 4182; x_wconf 88' lang='lat' dir='ltr'>praetextu</span> <span class='ocrx_word' id='word_1_315' title='bbox 1297 4119 1364 4160; x_wconf 91' lang='lat' dir='ltr'>uno</span> <span class='ocrx_word' id='word_1_316' title='bbox 1379 4097 1503 4175; x_wconf 91' lang='lat' dir='ltr'>auulso,</span> <span class='ocrx_word' id='word_1_317' title='bbox 1520 4115 1585 4160; x_wconf 92' lang='lat' dir='ltr'>non</span> <span class='ocrx_word' id='word_1_318' title='bbox 1600 4094 1712 4160; x_wconf 91' lang='lat' dir='ltr'>deficit</span> <span class='ocrx_word' id='word_1_319' title='bbox 1727 4094 1818 4159; x_wconf 89' lang='lat' dir='ltr'>alter.</span> 
     </span>
    </p>
   </div>
   <div class='ocr_carea' id='block_1_5' title="bbox 478 4303 1876 4538">
    <p class='ocr_par' dir='ltr' id='par_1_5' title="bbox 478 4303 1876 4538">
     <span class='ocr_line' id='line_1_31' title="bbox 510 4303 1876 4375; baseline -0.005 -15"><span class='ocrx_word' id='word_1_320' title='bbox 510 4309 520 4339; x_wconf 87' lang='lat'>¹</span> <span class='ocrx_word' id='word_1_321' title='bbox 535 4312 595 4361; x_wconf 81' lang='lat' dir='ltr'>Tae.</span> <span class='ocrx_word' id='word_1_322' title='bbox 610 4324 622 4358; x_wconf 81' lang='lat'>2</span> <span class='ocrx_word' id='word_1_323' title='bbox 635 4310 701 4361; x_wconf 90' lang='lat' dir='ltr'>Ann.</span> <span class='ocrx_word' id='word_1_324' title='bbox 712 4323 752 4375; x_wconf 87' lang='lat'>59.</span> <span class='ocrx_word' id='word_1_325' title='bbox 850 4307 860 4337; x_wconf 78' lang='lat'>²</span> <span class='ocrx_word' id='word_1_326' title='bbox 877 4308 965 4373; x_wconf 83' lang='lat' dir='ltr'>Polyb.</span> <span class='ocrx_word' id='word_1_327' title='bbox 976 4322 997 4358; x_wconf 71' lang='grc' dir='ltr'>π.</span> <span class='ocrx_word' id='word_1_328' title='bbox 1008 4323 1036 4372; x_wconf 74' lang='lat'>3;</span> <span class='ocrx_word' id='word_1_329' title='bbox 1054 4309 1126 4360; x_wconf 80' lang='lat' dir='ltr'>Caes.</span> <span class='ocrx_word' id='word_1_330' title='bbox 1140 4323 1154 4370; x_wconf 79' lang='lat'><strong>3</strong></span> <span class='ocrx_word' id='word_1_331' title='bbox 1166 4309 1194 4358; x_wconf 90' lang='lat' dir='ltr'>B.</span> <span class='ocrx_word' id='word_1_332' title='bbox 1207 4308 1238 4359; x_wconf 89' lang='lat' dir='ltr'>G.</span> <span class='ocrx_word' id='word_1_333' title='bbox 1253 4323 1298 4366; x_wconf 74' lang='lat'>²03</span> <span class='ocrx_word' id='word_1_334' title='bbox 1317 4307 1371 4357; x_wconf 91' lang='lat' dir='ltr'>Liu.</span> <span class='ocrx_word' id='word_1_335' title='bbox 1384 4321 1407 4370; x_wconf 84' lang='lat'>5.</span> <span class='ocrx_word' id='word_1_336' title='bbox 1419 4317 1497 4370; x_wconf 83' lang='lat' dir='ltr'>7.1o;</span> <span class='ocrx_word' id='word_1_337' title='bbox 1514 4307 1615 4372; x_wconf 73' lang='lat' dir='ltr'>Lampr.</span> <span class='ocrx_word' id='word_1_338' title='bbox 1628 4306 1717 4362; x_wconf 85' lang='lat' dir='ltr'>Alex.;</span> <span class='ocrx_word' id='word_1_339' title='bbox 1734 4304 1789 4354; x_wconf 92' lang='lat' dir='ltr'>Pol.</span> <span class='ocrx_word' id='word_1_340' title='bbox 1802 4303 1876 4365; x_wconf 79' lang='lat' dir='ltr'>Gal.;</span> 
     </span>
     <span class='ocr_line' id='line_1_32' title="bbox 478 4386 1876 4460; baseline -0.006 -16"><span class='ocrx_word' id='word_1_341' title='bbox 478 4394 580 4460; x_wconf 89' lang='lat' dir='ltr'>Vopisc.</span> <span class='ocrx_word' id='word_1_342' title='bbox 594 4393 645 4445; x_wconf 84' lang='lat' dir='ltr'>Sat.</span> <span class='ocrx_word' id='word_1_343' title='bbox 660 4407 670 4441; x_wconf 91' lang='lat'>1</span> <span class='ocrx_word' id='word_1_344' title='bbox 683 4410 690 4454; x_wconf 90' lang='lat'>;</span> <span class='ocrx_word' id='word_1_345' title='bbox 706 4393 770 4443; x_wconf 79' lang='lat' dir='ltr'>Soal.</span> <span class='ocrx_word' id='word_1_346' title='bbox 784 4406 807 4455; x_wconf 77' lang='lat'>³·</span> <span class='ocrx_word' id='word_1_347' title='bbox 818 4407 860 4456; x_wconf 93' lang='lat' dir='ltr'>po.</span> <span class='ocrx_word' id='word_1_348' title='bbox 874 4401 911 4456; x_wconf 80' lang='lat'>17.</span> <span class='ocrx_word' id='word_1_349' title='bbox 1153 4391 1163 4421; x_wconf 82' lang='lat'><strong>¹</strong></span> <span class='ocrx_word' id='word_1_350' title='bbox 1180 4391 1253 4440; x_wconf 79' lang='lat' dir='ltr'>Caes.</span> <span class='ocrx_word' id='word_1_351' title='bbox 1264 4389 1287 4440; x_wconf 84' lang='lat'>6.</span> <span class='ocrx_word' id='word_1_352' title='bbox 1302 4391 1330 4439; x_wconf 92' lang='lat' dir='ltr'>B.</span> <span class='ocrx_word' id='word_1_353' title='bbox 1343 4389 1375 4441; x_wconf 91' lang='lat' dir='ltr'>G.</span> <span class='ocrx_word' id='word_1_354' title='bbox 1390 4403 1428 4452; x_wconf 88' lang='lat'>14.</span> <span class='ocrx_word' id='word_1_355' title='bbox 1670 4388 1680 4419; x_wconf 83' lang='lat'>¹</span> <span class='ocrx_word' id='word_1_356' title='bbox 1696 4386 1757 4438; x_wconf 83' lang='lat' dir='ltr'>Tac.</span> <span class='ocrx_word' id='word_1_357' title='bbox 1769 4404 1793 4451; x_wconf 90' lang='lat'>4.</span> <span class='ocrx_word' id='word_1_358' title='bbox 1806 4387 1876 4437; x_wconf 88' lang='lat' dir='ltr'>Hist.</span> 
     </span>
     <span class='ocr_line' id='line_1_33' title="bbox 707 4471 1647 4538; baseline -0.004 -13"><span class='ocrx_word' id='word_1_359' title='bbox 707 4475 717 4504; x_wconf 79' lang='lat'>⁶</span> <span class='ocrx_word' id='word_1_360' title='bbox 734 4475 808 4525; x_wconf 79' lang='lat' dir='ltr'>Card.</span> <span class='ocrx_word' id='word_1_361' title='bbox 821 4473 899 4524; x_wconf 88' lang='lat' dir='ltr'>Enco.</span> <span class='ocrx_word' id='word_1_362' title='bbox 911 4474 988 4523; x_wconf 88' lang='lat' dir='ltr'>Nero.</span> <span class='ocrx_word' id='word_1_363' title='bbox 1390 4472 1400 4502; x_wconf 82' lang='lat'>⁶</span> <span class='ocrx_word' id='word_1_364' title='bbox 1416 4473 1492 4538; x_wconf 85' lang='lat' dir='ltr'>Cypr.</span> <span class='ocrx_word' id='word_1_365' title='bbox 1503 4471 1561 4523; x_wconf 81' lang='lat' dir='ltr'>adu.</span> <span class='ocrx_word' id='word_1_366' title='bbox 1573 4473 1647 4522; x_wconf 89' lang='lat' dir='ltr'>Dem.</span> 
     </span>
    </p>
   </div>
   <div class='ocr_carea' id='block_1_6' title="bbox 0 0 2263 5566">
    <p class='ocr_par' dir='ltr' id='par_1_6' title="bbox 0 0 2263 5566">
     <span class='ocr_line' id='line_1_34' title="bbox 0 0 2263 5566; baseline 0 0"><span class='ocrx_word' id='word_1_367' title='bbox 0 0 2263 5566; x_wconf 95' lang='lat' dir='ltr'> </span> 
     </span>
    </p>
   </div>
  </div>
 </body>
</html>
